TradingDay,InstrumentID,ExchangeID,ExchangeInstID,LastPrice,PreSettlementPrice,PreClosePrice,PreOpenInterest,OpenPrice,HighestPrice,LowestPrice,Volume,Turnover,OpenInterest,ClosePrice,SettlementPrice,UpperLimitPrice,LowerLimitPrice,PreDelta,CurrDelta,UpdateTime,UpdateMillisec,BidPrice1,BidVolume1,AskPrice1,AskVolume1,BidPrice2,BidVolume2,AskPrice2,AskVolume2,BidPrice3,BidVolume3,AskPrice3,AskVolume3,BidPrice4,BidVolume4,AskPrice4,AskVolume4,BidPrice5,BidVolume5,AskPrice5,AskVolume5,AveragePrice,ActionDay
20220819,CF301,,,14915,14835,14810,440545,14815,15065,14745,220258,3285148070,454673,0,0,16025,13645,0,0,08/19/2022 21:57:59,0,14915,17,14920,155,0,0,0,0,0,0,0,0,0,0,0,0,0,0,0,0,14915,20220819
20220819,CF301,,,14915,14835,14810,440545,14815,15065,14745,220265,3285252475,454670,0,0,16025,13645,0,0,08/19/2022 21:58:00,0,14915,42,14920,143,0,0,0,0,0,0,0,0,0,0,0,0,0,0,0,0,14915,20220819
20220819,CF301,,,14915,14835,14810,440545,14815,15065,14745,220270,3285327050,454667,0,0,16025,13645,0,0,08/19/2022 21:58:00,0,14915,39,14920,146,0,0,0,0,0,0,0,0,0,0,0,0,0,0,0,0,14915,20220819
20220819,CF301,,,14910,14835,14810,440545,14815,15065,14745,220310,3285923650,454688,0,0,16025,13645,0,0,08/19/2022 21:58:01,0,14910,93,14915,66,0,0,0,0,0,0,0,0,0,0,0,0,0,0,0,0,14915,20220819
20220819,CF301,,,14915,14835,14810,440545,14815,15065,14745,220313,3285968395,454690,0,0,16025,13645,0,0,08/19/2022 21:58:01,0,14910,93,14915,66,0,0,0,0,0,0,0,0,0,0,0,0,0,0,0,0,14915,20220819
20220819,CF301,,,14915,14835,14810,440545,14815,15065,14745,220316,3286013140,454693,0,0,16025,13645,0,0,08/19/2022 21:58:02,0,14910,93,14915,67,0,0,0,0,0,0,0,0,0,0,0,0,0,0,0,0,14915,20220819
20220819,CF301,,,14915,14835,14810,440545,14815,15065,14745,220316,3286013140,454693,0,0,16025,13645,0,0,08/19/2022 21:58:02,0,14910,95,14915,67,0,0,0,0,0,0,0,0,0,0,0,0,0,0,0,0,14915,20220819
20220819,CF301,,,14910,14835,14810,440545,14815,15065,14745,220326,3286162290,454699,0,0,16025,13645,0,0,08/19/2022 21:58:03,0,14910,96,14915,67,0,0,0,0,0,0,0,0,0,0,0,0,0,0,0,0,14915,20220819
20220819,CF301,,,14915,14835,14810,440545,14815,15065,14745,220338,3286341270,454702,0,0,16025,13645,0,0,08/19/2022 21:58:04,0,14910,82,14915,58,0,0,0,0,0,0,0,0,0,0,0,0,0,0,0,0,14915,20220819
20220819,CF301,,,14915,14835,14810,440545,14815,15065,14745,220338,3286341270,454702,0,0,16025,13645,0,0,08/19/2022 21:58:04,0,14910,84,14915,66,0,0,0,0,0,0,0,0,0,0,0,0,0,0,0,0,14915,20220819
20220819,CF301,,,14915,14835,14810,440545,14815,15065,14745,220338,3286341270,454702,0,0,16025,13645,0,0,08/19/2022 21:58:04,0,14910,84,14915,67,0,0,0,0,0,0,0,0,0,0,0,0,0,0,0,0,14915,20220819
20220819,CF301,,,14915,14835,14810,440545,14815,15065,14745,220340,3286371100,454702,0,0,16025,13645,0,0,08/19/2022 21:58:06,0,14910,85,14915,56,0,0,0,0,0,0,0,0,0,0,0,0,0,0,0,0,14915,20220819
20220819,CF301,,,14915,14835,14810,440545,14815,15065,14745,220341,3286386015,454703,0,0,16025,13645,0,0,08/19/2022 21:58:06,0,14910,85,14915,55,0,0,0,0,0,0,0,0,0,0,0,0,0,0,0,0,14915,20220819
20220819,CF301,,,14910,14835,14810,440545,14815,15065,14745,220342,3286400930,454702,0,0,16025,13645,0,0,08/19/2022 21:58:07,0,14910,85,14915,64,0,0,0,0,0,0,0,0,0,0,0,0,0,0,0,0,14915,20220819
20220819,CF301,,,14910,14835,14810,440545,14815,15065,14745,220342,3286400930,454702,0,0,16025,13645,0,0,08/19/2022 21:58:07,0,14910,85,14915,58,0,0,0,0,0,0,0,0,0,0,0,0,0,0,0,0,14915,20220819
20220819,CF301,,,14910,14835,14810,440545,14815,15065,14745,220342,3286400930,454702,0,0,16025,13645,0,0,08/19/2022 21:58:07,0,14910,84,14915,58,0,0,0,0,0,0,0,0,0,0,0,0,0,0,0,0,14915,20220819
20220819,CF301,,,14910,14835,14810,440545,14815,15065,14745,220342,3286400930,454702,0,0,16025,13645,0,0,08/19/2022 21:58:08,0,14910,84,14915,59,0,0,0,0,0,0,0,0,0,0,0,0,0,0,0,0,14915,20220819
20220819,CF301,,,14910,14835,14810,440545,14815,15065,14745,220368,3286788720,454709,0,0,16025,13645,0,0,08/19/2022 21:58:09,0,14910,61,14915,68,0,0,0,0,0,0,0,0,0,0,0,0,0,0,0,0,14915,20220819
20220819,CF301,,,14910,14835,14810,440545,14815,15065,14745,220368,3286788720,454709,0,0,16025,13645,0,0,08/19/2022 21:58:09,0,14910,72,14915,68,0,0,0,0,0,0,0,0,0,0,0,0,0,0,0,0,14915,20220819
20220819,CF301,,,14910,14835,14810,440545,14815,15065,14745,220369,3286803635,454709,0,0,16025,13645,0,0,08/19/2022 21:58:09,0,14910,71,14915,60,0,0,0,0,0,0,0,0,0,0,0,0,0,0,0,0,14915,20220819
20220819,CF301,,,14915,14835,14810,440545,14815,15065,14745,220379,3286952785,454719,0,0,16025,13645,0,0,08/19/2022 21:58:10,0,14910,75,14915,52,0,0,0,0,0,0,0,0,0,0,0,0,0,0,0,0,14915,20220819
20220819,CF301,,,14910,14835,14810,440545,14815,15065,14745,220380,3286967700,454719,0,0,16025,13645,0,0,08/19/2022 21:58:11,0,14910,74,14915,51,0,0,0,0,0,0,0,0,0,0,0,0,0,0,0,0,14915,20220819
20220819,CF301,,,14910,14835,14810,440545,14815,15065,14745,220381,3286982615,454718,0,0,16025,13645,0,0,08/19/2022 21:58:11,0,14910,79,14915,52,0,0,0,0,0,0,0,0,0,0,0,0,0,0,0,0,14915,20220819
20220819,CF301,,,14910,14835,14810,440545,14815,15065,14745,220381,3286982615,454718,0,0,16025,13645,0,0,08/19/2022 21:58:12,0,14910,82,14915,53,0,0,0,0,0,0,0,0,0,0,0,0,0,0,0,0,14915,20220819
20220819,CF301,,,14910,14835,14810,440545,14815,15065,14745,220381,3286982615,454718,0,0,16025,13645,0,0,08/19/2022 21:58:12,0,14910,81,14915,53,0,0,0,0,0,0,0,0,0,0,0,0,0,0,0,0,14915,20220819
20220819,CF301,,,14910,14835,14810,440545,14815,15065,14745,220386,3287057190,454720,0,0,16025,13645,0,0,08/19/2022 21:58:13,0,14910,76,14915,53,0,0,0,0,0,0,0,0,0,0,0,0,0,0,0,0,14915,20220819
20220819,CF301,,,14915,14835,14810,440545,14815,15065,14745,220387,3287072105,454720,0,0,16025,13645,0,0,08/19/2022 21:58:14,0,14910,77,14915,52,0,0,0,0,0,0,0,0,0,0,0,0,0,0,0,0,14915,20220819
20220819,CF301,,,14915,14835,14810,440545,14815,15065,14745,220388,3287087020,454720,0,0,16025,13645,0,0,08/19/2022 21:58:15,0,14910,77,14915,51,0,0,0,0,0,0,0,0,0,0,0,0,0,0,0,0,14915,20220819
20220819,CF301,,,14910,14835,14810,440545,14815,15065,14745,220389,3287101935,454719,0,0,16025,13645,0,0,08/19/2022 21:58:15,0,14910,76,14915,51,0,0,0,0,0,0,0,0,0,0,0,0,0,0,0,0,14915,20220819
20220819,CF301,,,14910,14835,14810,440545,14815,15065,14745,220400,3287266000,454719,0,0,16025,13645,0,0,08/19/2022 21:58:16,0,14910,65,14915,66,0,0,0,0,0,0,0,0,0,0,0,0,0,0,0,0,14915,20220819
20220819,CF301,,,14915,14835,14810,440545,14815,15065,14745,220401,3287280915,454719,0,0,16025,13645,0,0,08/19/2022 21:58:16,0,14910,55,14915,74,0,0,0,0,0,0,0,0,0,0,0,0,0,0,0,0,14915,20220819
20220819,CF301,,,14910,14835,14810,440545,14815,15065,14745,220402,3287295830,454720,0,0,16025,13645,0,0,08/19/2022 21:58:16,0,14910,54,14915,74,0,0,0,0,0,0,0,0,0,0,0,0,0,0,0,0,14915,20220819
20220819,CF301,,,14910,14835,14810,440545,14815,15065,14745,220403,3287310745,454721,0,0,16025,13645,0,0,08/19/2022 21:58:17,0,14910,53,14915,76,0,0,0,0,0,0,0,0,0,0,0,0,0,0,0,0,14915,20220819
20220819,CF301,,,14910,14835,14810,440545,14815,15065,14745,220403,3287310745,454721,0,0,16025,13645,0,0,08/19/2022 21:58:17,0,14910,53,14915,91,0,0,0,0,0,0,0,0,0,0,0,0,0,0,0,0,14915,20220819
20220819,CF301,,,14910,14835,14810,440545,14815,15065,14745,220405,3287340575,454722,0,0,16025,13645,0,0,08/19/2022 21:58:18,0,14910,52,14915,90,0,0,0,0,0,0,0,0,0,0,0,0,0,0,0,0,14915,20220819
20220819,CF301,,,14910,14835,14810,440545,14815,15065,14745,220406,3287355490,454723,0,0,16025,13645,0,0,08/19/2022 21:58:19,0,14910,50,14915,90,0,0,0,0,0,0,0,0,0,0,0,0,0,0,0,0,14915,20220819
20220819,CF301,,,14910,14835,14810,440545,14815,15065,14745,220424,3287623960,454717,0,0,16025,13645,0,0,08/19/2022 21:58:19,0,14910,30,14915,90,0,0,0,0,0,0,0,0,0,0,0,0,0,0,0,0,14915,20220819
20220819,CF301,,,14910,14835,14810,440545,14815,15065,14745,220451,3288026665,454726,0,0,16025,13645,0,0,08/19/2022 21:58:20,0,14905,247,14910,23,0,0,0,0,0,0,0,0,0,0,0,0,0,0,0,0,14915,20220819
20220819,CF301,,,14910,14835,14810,440545,14815,15065,14745,220486,3288548690,454701,0,0,16025,13645,0,0,08/19/2022 21:58:20,0,14910,115,14915,116,0,0,0,0,0,0,0,0,0,0,0,0,0,0,0,0,14915,20220819
20220819,CF301,,,14915,14835,14810,440545,14815,15065,14745,220602,3290278830,454724,0,0,16025,13645,0,0,08/19/2022 21:58:21,0,14915,108,14920,78,0,0,0,0,0,0,0,0,0,0,0,0,0,0,0,0,14915,20220819
20220819,CF301,,,14920,14835,14810,440545,14815,15065,14745,220682,3291472030,454672,0,0,16025,13645,0,0,08/19/2022 21:58:21,0,14920,37,14925,80,0,0,0,0,0,0,0,0,0,0,0,0,0,0,0,0,14915,20220819
20220819,CF301,,,14920,14835,14810,440545,14815,15065,14745,220688,3291561520,454672,0,0,16025,13645,0,0,08/19/2022 21:58:22,0,14920,70,14925,81,0,0,0,0,0,0,0,0,0,0,0,0,0,0,0,0,14915,20220819
20220819,CF301,,,14920,14835,14810,440545,14815,15065,14745,220688,3291561520,454672,0,0,16025,13645,0,0,08/19/2022 21:58:22,0,14920,71,14925,86,0,0,0,0,0,0,0,0,0,0,0,0,0,0,0,0,14915,20220819
20220819,CF301,,,14920,14835,14810,440545,14815,15065,14745,220760,3292635400,454725,0,0,16025,13645,0,0,08/19/2022 21:58:23,0,14915,129,14920,43,0,0,0,0,0,0,0,0,0,0,0,0,0,0,0,0,14915,20220819
20220819,CF301,,,14915,14835,14810,440545,14815,15065,14745,220761,3292650315,454724,0,0,16025,13645,0,0,08/19/2022 21:58:23,0,14915,101,14920,47,0,0,0,0,0,0,0,0,0,0,0,0,0,0,0,0,14915,20220819
20220819,CF301,,,14920,14835,14810,440545,14815,15065,14745,220763,3292680145,454726,0,0,16025,13645,0,0,08/19/2022 21:58:24,0,14915,102,14920,49,0,0,0,0,0,0,0,0,0,0,0,0,0,0,0,0,14915,20220819
20220819,CF301,,,14915,14835,14810,440545,14815,15065,14745,220765,3292709975,454724,0,0,16025,13645,0,0,08/19/2022 21:58:25,0,14915,102,14920,50,0,0,0,0,0,0,0,0,0,0,0,0,0,0,0,0,14915,20220819
20220819,CF301,,,14915,14835,14810,440545,14815,15065,14745,220766,3292724890,454723,0,0,16025,13645,0,0,08/19/2022 21:58:25,0,14915,101,14920,50,0,0,0,0,0,0,0,0,0,0,0,0,0,0,0,0,14915,20220819
20220819,CF301,,,14920,14835,14810,440545,14815,15065,14745,220776,3292874040,454723,0,0,16025,13645,0,0,08/19/2022 21:58:26,0,14915,101,14920,40,0,0,0,0,0,0,0,0,0,0,0,0,0,0,0,0,14915,20220819
20220819,CF301,,,14920,14835,14810,440545,14815,15065,14745,220816,3293470640,454703,0,0,16025,13645,0,0,08/19/2022 21:58:27,0,14920,43,14925,82,0,0,0,0,0,0,0,0,0,0,0,0,0,0,0,0,14915,20220819
20220819,CF301,,,14920,14835,14810,440545,14815,15065,14745,220816,3293470640,454703,0,0,16025,13645,0,0,08/19/2022 21:58:27,0,14920,54,14925,82,0,0,0,0,0,0,0,0,0,0,0,0,0,0,0,0,14915,20220819
20220819,CF301,,,14920,14835,14810,440545,14815,15065,14745,220817,3293485555,454702,0,0,16025,13645,0,0,08/19/2022 21:58:28,0,14920,52,14925,76,0,0,0,0,0,0,0,0,0,0,0,0,0,0,0,0,14915,20220819
20220819,CF301,,,14920,14835,14810,440545,14815,15065,14745,220817,3293485555,454702,0,0,16025,13645,0,0,08/19/2022 21:58:28,0,14920,54,14925,77,0,0,0,0,0,0,0,0,0,0,0,0,0,0,0,0,14915,20220819
20220819,CF301,,,14925,14835,14810,440545,14815,15065,14745,220824,3293589960,454706,0,0,16025,13645,0,0,08/19/2022 21:58:29,0,14920,72,14925,76,0,0,0,0,0,0,0,0,0,0,0,0,0,0,0,0,14915,20220819
20220819,CF301,,,14920,14835,14810,440545,14815,15065,14745,220826,3293619790,454708,0,0,16025,13645,0,0,08/19/2022 21:58:29,0,14920,71,14925,76,0,0,0,0,0,0,0,0,0,0,0,0,0,0,0,0,14915,20220819
20220819,CF301,,,14920,14835,14810,440545,14815,15065,14745,220827,3293634705,454708,0,0,16025,13645,0,0,08/19/2022 21:58:30,0,14920,74,14925,76,0,0,0,0,0,0,0,0,0,0,0,0,0,0,0,0,14915,20220819
20220819,CF301,,,14925,14835,14810,440545,14815,15065,14745,220903,3294768245,454679,0,0,16025,13645,0,0,08/19/2022 21:58:30,0,14925,32,14930,180,0,0,0,0,0,0,0,0,0,0,0,0,0,0,0,0,14915,20220819
20220819,CF301,,,14925,14835,14810,440545,14815,15065,14745,220906,3294812990,454677,0,0,16025,13645,0,0,08/19/2022 21:58:31,0,14925,62,14930,157,0,0,0,0,0,0,0,0,0,0,0,0,0,0,0,0,14915,20220819
20220819,CF301,,,14925,14835,14810,440545,14815,15065,14745,220911,3294887565,454675,0,0,16025,13645,0,0,08/19/2022 21:58:32,0,14925,65,14930,157,0,0,0,0,0,0,0,0,0,0,0,0,0,0,0,0,14915,20220819
20220819,CF301,,,14925,14835,14810,440545,14815,15065,14745,220911,3294887565,454675,0,0,16025,13645,0,0,08/19/2022 21:58:32,0,14925,66,14930,157,0,0,0,0,0,0,0,0,0,0,0,0,0,0,0,0,14915,20220819
20220819,CF301,,,14925,14835,14810,440545,14815,15065,14745,220911,3294887565,454675,0,0,16025,13645,0,0,08/19/2022 21:58:33,0,14925,67,14930,157,0,0,0,0,0,0,0,0,0,0,0,0,0,0,0,0,14915,20220819
20220819,CF301,,,14925,14835,14810,440545,14815,15065,14745,220912,3294902480,454674,0,0,16025,13645,0,0,08/19/2022 21:58:33,0,14925,66,14930,158,0,0,0,0,0,0,0,0,0,0,0,0,0,0,0,0,14915,20220819
20220819,CF301,,,14925,14835,14810,440545,14815,15065,14745,220913,3294917395,454674,0,0,16025,13645,0,0,08/19/2022 21:58:33,0,14925,65,14930,158,0,0,0,0,0,0,0,0,0,0,0,0,0,0,0,0,14915,20220819
20220819,CF301,,,14925,14835,14810,440545,14815,15065,14745,220924,3295081460,454676,0,0,16025,13645,0,0,08/19/2022 21:58:34,0,14925,53,14930,156,0,0,0,0,0,0,0,0,0,0,0,0,0,0,0,0,14915,20220819
20220819,CF301,,,14925,14835,14810,440545,14815,15065,14745,220927,3295126205,454679,0,0,16025,13645,0,0,08/19/2022 21:58:35,0,14925,51,14930,156,0,0,0,0,0,0,0,0,0,0,0,0,0,0,0,0,14915,20220819
20220819,CF301,,,14925,14835,14810,440545,14815,15065,14745,220963,3295663145,454693,0,0,16025,13645,0,0,08/19/2022 21:58:35,0,14925,21,14930,156,0,0,0,0,0,0,0,0,0,0,0,0,0,0,0,0,14915,20220819
20220819,CF301,,,14930,14835,14810,440545,14815,15065,14745,221017,3296468555,454702,0,0,16025,13645,0,0,08/19/2022 21:58:36,0,14920,110,14930,139,0,0,0,0,0,0,0,0,0,0,0,0,0,0,0,0,14915,20220819
20220819,CF301,,,14925,14835,14810,440545,14815,15065,14745,221021,3296528215,454700,0,0,16025,13645,0,0,08/19/2022 21:58:36,0,14925,44,14930,138,0,0,0,0,0,0,0,0,0,0,0,0,0,0,0,0,14915,20220819
20220819,CF301,,,14925,14835,14810,440545,14815,15065,14745,221028,3296632620,454697,0,0,16025,13645,0,0,08/19/2022 21:58:37,0,14925,39,14930,129,0,0,0,0,0,0,0,0,0,0,0,0,0,0,0,0,14915,20220819
20220819,CF301,,,14925,14835,14810,440545,14815,15065,14745,221031,3296677365,454697,0,0,16025,13645,0,0,08/19/2022 21:58:37,0,14925,37,14930,129,0,0,0,0,0,0,0,0,0,0,0,0,0,0,0,0,14915,20220819
20220819,CF301,,,14925,14835,14810,440545,14815,15065,14745,221031,3296677365,454697,0,0,16025,13645,0,0,08/19/2022 21:58:37,0,14925,39,14930,128,0,0,0,0,0,0,0,0,0,0,0,0,0,0,0,0,14915,20220819
20220819,CF301,,,14930,14835,14810,440545,14815,15065,14745,221073,3297303795,454727,0,0,16025,13645,0,0,08/19/2022 21:58:38,0,14925,2,14930,130,0,0,0,0,0,0,0,0,0,0,0,0,0,0,0,0,14915,20220819
20220819,CF301,,,14930,14835,14810,440545,14815,15065,14745,221079,3297393285,454729,0,0,16025,13645,0,0,08/19/2022 21:58:39,0,14925,31,14930,131,0,0,0,0,0,0,0,0,0,0,0,0,0,0,0,0,14915,20220819
20220819,CF301,,,14930,14835,14810,440545,14815,15065,14745,221079,3297393285,454729,0,0,16025,13645,0,0,08/19/2022 21:58:39,0,14925,37,14930,131,0,0,0,0,0,0,0,0,0,0,0,0,0,0,0,0,14915,20220819
20220819,CF301,,,14930,14835,14810,440545,14815,15065,14745,221100,3297706500,454726,0,0,16025,13645,0,0,08/19/2022 21:58:40,0,14925,36,14930,115,0,0,0,0,0,0,0,0,0,0,0,0,0,0,0,0,14915,20220819
20220819,CF301,,,14930,14835,14810,440545,14815,15065,14745,221123,3298049545,454725,0,0,16025,13645,0,0,08/19/2022 21:58:40,0,14925,54,14930,95,0,0,0,0,0,0,0,0,0,0,0,0,0,0,0,0,14915,20220819
20220819,CF301,,,14930,14835,14810,440545,14815,15065,14745,221124,3298064460,454725,0,0,16025,13645,0,0,08/19/2022 21:58:40,0,14925,54,14930,95,0,0,0,0,0,0,0,0,0,0,0,0,0,0,0,0,14915,20220819
20220819,CF301,,,14930,14835,14810,440545,14815,15065,14745,221125,3298079375,454724,0,0,16025,13645,0,0,08/19/2022 21:58:41,0,14925,56,14930,96,0,0,0,0,0,0,0,0,0,0,0,0,0,0,0,0,14915,20220819
20220819,CF301,,,14930,14835,14810,440545,14815,15065,14745,221127,3298109205,454723,0,0,16025,13645,0,0,08/19/2022 21:58:42,0,14925,57,14930,95,0,0,0,0,0,0,0,0,0,0,0,0,0,0,0,0,14915,20220819
20220819,CF301,,,14930,14835,14810,440545,14815,15065,14745,221129,3298139035,454724,0,0,16025,13645,0,0,08/19/2022 21:58:42,0,14925,47,14930,94,0,0,0,0,0,0,0,0,0,0,0,0,0,0,0,0,14915,20220819
20220819,CF301,,,14930,14835,14810,440545,14815,15065,14745,221129,3298139035,454724,0,0,16025,13645,0,0,08/19/2022 21:58:43,0,14925,48,14930,94,0,0,0,0,0,0,0,0,0,0,0,0,0,0,0,0,14915,20220819
20220819,CF301,,,14925,14835,14810,440545,14815,15065,14745,221149,3298437335,454725,0,0,16025,13645,0,0,08/19/2022 21:58:43,0,14925,23,14930,94,0,0,0,0,0,0,0,0,0,0,0,0,0,0,0,0,14915,20220819
20220819,CF301,,,14930,14835,14810,440545,14815,15065,14745,221151,3298467165,454725,0,0,16025,13645,0,0,08/19/2022 21:58:43,0,14925,26,14930,97,0,0,0,0,0,0,0,0,0,0,0,0,0,0,0,0,14915,20220819
20220819,CF301,,,14930,14835,14810,440545,14815,15065,14745,221152,3298482080,454725,0,0,16025,13645,0,0,08/19/2022 21:58:44,0,14925,28,14930,96,0,0,0,0,0,0,0,0,0,0,0,0,0,0,0,0,14915,20220819
20220819,CF301,,,14925,14835,14810,440545,14815,15065,14745,221159,3298586485,454718,0,0,16025,13645,0,0,08/19/2022 21:58:45,0,14925,27,14930,93,0,0,0,0,0,0,0,0,0,0,0,0,0,0,0,0,14915,20220819
20220819,CF301,,,14930,14835,14810,440545,14815,15065,14745,221160,3298601400,454718,0,0,16025,13645,0,0,08/19/2022 21:58:46,0,14925,27,14930,92,0,0,0,0,0,0,0,0,0,0,0,0,0,0,0,0,14915,20220819
20220819,CF301,,,14930,14835,14810,440545,14815,15065,14745,221161,3298616315,454718,0,0,16025,13645,0,0,08/19/2022 21:58:46,0,14925,38,14930,94,0,0,0,0,0,0,0,0,0,0,0,0,0,0,0,0,14915,20220819
20220819,CF301,,,14930,14835,14810,440545,14815,15065,14745,221161,3298616315,454718,0,0,16025,13645,0,0,08/19/2022 21:58:47,0,14925,39,14930,95,0,0,0,0,0,0,0,0,0,0,0,0,0,0,0,0,14915,20220819
20220819,CF301,,,14925,14835,14810,440545,14815,15065,14745,221162,3298631230,454717,0,0,16025,13645,0,0,08/19/2022 21:58:47,0,14925,40,14930,96,0,0,0,0,0,0,0,0,0,0,0,0,0,0,0,0,14915,20220819
20220819,CF301,,,14930,14835,14810,440545,14815,15065,14745,221167,3298705805,454713,0,0,16025,13645,0,0,08/19/2022 21:58:48,0,14925,37,14930,94,0,0,0,0,0,0,0,0,0,0,0,0,0,0,0,0,14915,20220819
20220819,CF301,,,14930,14835,14810,440545,14815,15065,14745,221172,3298780380,454713,0,0,16025,13645,0,0,08/19/2022 21:58:48,0,14925,35,14930,104,0,0,0,0,0,0,0,0,0,0,0,0,0,0,0,0,14915,20220819
20220819,CF301,,,14930,14835,14810,440545,14815,15065,14745,221174,3298810210,454711,0,0,16025,13645,0,0,08/19/2022 21:58:49,0,14925,40,14930,106,0,0,0,0,0,0,0,0,0,0,0,0,0,0,0,0,14915,20220819
20220819,CF301,,,14930,14835,14810,440545,14815,15065,14745,221175,3298825125,454710,0,0,16025,13645,0,0,08/19/2022 21:58:49,0,14925,38,14930,103,0,0,0,0,0,0,0,0,0,0,0,0,0,0,0,0,14915,20220819
20220819,CF301,,,14930,14835,14810,440545,14815,15065,14745,221177,3298854955,454712,0,0,16025,13645,0,0,08/19/2022 21:58:50,0,14925,41,14930,103,0,0,0,0,0,0,0,0,0,0,0,0,0,0,0,0,14915,20220819
20220819,CF301,,,14925,14835,14810,440545,14815,15065,14745,221178,3298869870,454712,0,0,16025,13645,0,0,08/19/2022 21:58:50,0,14925,44,14930,105,0,0,0,0,0,0,0,0,0,0,0,0,0,0,0,0,14915,20220819
20220819,CF301,,,14930,14835,14810,440545,14815,15065,14745,221216,3299436640,454687,0,0,16025,13645,0,0,08/19/2022 21:58:51,0,14925,50,14930,69,0,0,0,0,0,0,0,0,0,0,0,0,0,0,0,0,14915,20220819
20220819,CF301,,,14930,14835,14810,440545,14815,15065,14745,221216,3299436640,454687,0,0,16025,13645,0,0,08/19/2022 21:58:51,0,14925,57,14930,70,0,0,0,0,0,0,0,0,0,0,0,0,0,0,0,0,14915,20220819
20220819,CF301,,,14930,14835,14810,440545,14815,15065,14745,221246,3299884090,454697,0,0,16025,13645,0,0,08/19/2022 21:58:52,0,14925,67,14930,46,0,0,0,0,0,0,0,0,0,0,0,0,0,0,0,0,14915,20220819
20220819,CF301,,,14930,14835,14810,440545,14815,15065,14745,221246,3299884090,454697,0,0,16025,13645,0,0,08/19/2022 21:58:52,0,14925,68,14930,49,0,0,0,0,0,0,0,0,0,0,0,0,0,0,0,0,14915,20220819
20220819,CF301,,,14925,14835,14810,440545,14815,15065,14745,221247,3299899005,454696,0,0,16025,13645,0,0,08/19/2022 21:58:53,0,14925,58,14930,70,0,0,0,0,0,0,0,0,0,0,0,0,0,0,0,0,14915,20220819
20220819,CF301,,,14930,14835,14810,440545,14815,15065,14745,221249,3299928835,454697,0,0,16025,13645,0,0,08/19/2022 21:58:53,0,14925,52,14930,73,0,0,0,0,0,0,0,0,0,0,0,0,0,0,0,0,14915,20220819
20220819,CF301,,,14925,14835,14810,440545,14815,15065,14745,221256,3300033240,454691,0,0,16025,13645,0,0,08/19/2022 21:58:54,0,14925,48,14930,71,0,0,0,0,0,0,0,0,0,0,0,0,0,0,0,0,14915,20220819
20220819,CF301,,,14925,14835,14810,440545,14815,15065,14745,221256,3300033240,454691,0,0,16025,13645,0,0,08/19/2022 21:58:54,0,14925,51,14930,71,0,0,0,0,0,0,0,0,0,0,0,0,0,0,0,0,14915,20220819
20220819,CF301,,,14925,14835,14810,440545,14815,15065,14745,221256,3300033240,454691,0,0,16025,13645,0,0,08/19/2022 21:58:55,0,14925,47,14930,72,0,0,0,0,0,0,0,0,0,0,0,0,0,0,0,0,14915,20220819
20220819,CF301,,,14925,14835,14810,440545,14815,15065,14745,221256,3300033240,454691,0,0,16025,13645,0,0,08/19/2022 21:58:55,0,14925,47,14930,73,0,0,0,0,0,0,0,0,0,0,0,0,0,0,0,0,14915,20220819
20220819,CF301,,,14930,14835,14810,440545,14815,15065,14745,221258,3300063070,454690,0,0,16025,13645,0,0,08/19/2022 21:58:56,0,14925,46,14930,92,0,0,0,0,0,0,0,0,0,0,0,0,0,0,0,0,14915,20220819
20220819,CF301,,,14930,14835,14810,440545,14815,15065,14745,221259,3300077985,454690,0,0,16025,13645,0,0,08/19/2022 21:58:56,0,14925,46,14930,96,0,0,0,0,0,0,0,0,0,0,0,0,0,0,0,0,14915,20220819
20220819,CF301,,,14925,14835,14810,440545,14815,15065,14745,221260,3300092900,454689,0,0,16025,13645,0,0,08/19/2022 21:58:57,0,14925,45,14930,107,0,0,0,0,0,0,0,0,0,0,0,0,0,0,0,0,14915,20220819
20220819,CF301,,,14925,14835,14810,440545,14815,15065,14745,221308,3300808820,454717,0,0,16025,13645,0,0,08/19/2022 21:58:58,0,14920,142,14925,35,0,0,0,0,0,0,0,0,0,0,0,0,0,0,0,0,14915,20220819
20220819,CF301,,,14925,14835,14810,440545,14815,15065,14745,221318,3300957970,454712,0,0,16025,13645,0,0,08/19/2022 21:58:58,0,14920,100,14925,39,0,0,0,0,0,0,0,0,0,0,0,0,0,0,0,0,14915,20220819
20220819,CF301,,,14925,14835,14810,440545,14815,15065,14745,221318,3300957970,454712,0,0,16025,13645,0,0,08/19/2022 21:58:59,0,14920,100,14925,41,0,0,0,0,0,0,0,0,0,0,0,0,0,0,0,0,14915,20220819
20220819,CF301,,,14920,14835,14810,440545,14815,15065,14745,221322,3301017630,454711,0,0,16025,13645,0,0,08/19/2022 21:58:59,0,14920,97,14925,42,0,0,0,0,0,0,0,0,0,0,0,0,0,0,0,0,14915,20220819
20220819,CF301,,,14925,14835,14810,440545,14815,15065,14745,221324,3301047460,454711,0,0,16025,13645,0,0,08/19/2022 21:59:00,0,14920,97,14925,41,0,0,0,0,0,0,0,0,0,0,0,0,0,0,0,0,14915,20220819
20220819,CF301,,,14925,14835,14810,440545,14815,15065,14745,221324,3301047460,454711,0,0,16025,13645,0,0,08/19/2022 21:59:00,0,14920,102,14925,43,0,0,0,0,0,0,0,0,0,0,0,0,0,0,0,0,14915,20220819
20220819,CF301,,,14925,14835,14810,440545,14815,15065,14745,221325,3301062375,454711,0,0,16025,13645,0,0,08/19/2022 21:59:00,0,14920,110,14925,42,0,0,0,0,0,0,0,0,0,0,0,0,0,0,0,0,14915,20220819
20220819,CF301,,,14925,14835,14810,440545,14815,15065,14745,221326,3301077290,454711,0,0,16025,13645,0,0,08/19/2022 21:59:01,0,14920,110,14925,44,0,0,0,0,0,0,0,0,0,0,0,0,0,0,0,0,14915,20220819
20220819,CF301,,,14925,14835,14810,440545,14815,15065,14745,221326,3301077290,454711,0,0,16025,13645,0,0,08/19/2022 21:59:02,0,14920,111,14925,44,0,0,0,0,0,0,0,0,0,0,0,0,0,0,0,0,14915,20220819
20220819,CF301,,,14925,14835,14810,440545,14815,15065,14745,221327,3301092205,454710,0,0,16025,13645,0,0,08/19/2022 21:59:02,0,14920,111,14925,44,0,0,0,0,0,0,0,0,0,0,0,0,0,0,0,0,14915,20220819
20220819,CF301,,,14925,14835,14810,440545,14815,15065,14745,221328,3301107120,454709,0,0,16025,13645,0,0,08/19/2022 21:59:03,0,14920,113,14925,46,0,0,0,0,0,0,0,0,0,0,0,0,0,0,0,0,14915,20220819
20220819,CF301,,,14920,14835,14810,440545,14815,15065,14745,221338,3301256270,454715,0,0,16025,13645,0,0,08/19/2022 21:59:03,0,14920,106,14925,75,0,0,0,0,0,0,0,0,0,0,0,0,0,0,0,0,14915,20220819
20220819,CF301,,,14920,14835,14810,440545,14815,15065,14745,221338,3301256270,454715,0,0,16025,13645,0,0,08/19/2022 21:59:03,0,14920,102,14925,79,0,0,0,0,0,0,0,0,0,0,0,0,0,0,0,0,14915,20220819
20220819,CF301,,,14920,14835,14810,440545,14815,15065,14745,221338,3301256270,454715,0,0,16025,13645,0,0,08/19/2022 21:59:04,0,14920,102,14925,88,0,0,0,0,0,0,0,0,0,0,0,0,0,0,0,0,14915,20220819
20220819,CF301,,,14920,14835,14810,440545,14815,15065,14745,221339,3301271185,454714,0,0,16025,13645,0,0,08/19/2022 21:59:05,0,14920,101,14925,89,0,0,0,0,0,0,0,0,0,0,0,0,0,0,0,0,14915,20220819
20220819,CF301,,,14920,14835,14810,440545,14815,15065,14745,221341,3301301015,454714,0,0,16025,13645,0,0,08/19/2022 21:59:05,0,14920,104,14925,91,0,0,0,0,0,0,0,0,0,0,0,0,0,0,0,0,14915,20220819
20220819,CF301,,,14920,14835,14810,440545,14815,15065,14745,221341,3301301015,454714,0,0,16025,13645,0,0,08/19/2022 21:59:05,0,14920,105,14925,91,0,0,0,0,0,0,0,0,0,0,0,0,0,0,0,0,14915,20220819
20220819,CF301,,,14920,14835,14810,440545,14815,15065,14745,221341,3301301015,454714,0,0,16025,13645,0,0,08/19/2022 21:59:06,0,14920,105,14925,94,0,0,0,0,0,0,0,0,0,0,0,0,0,0,0,0,14915,20220819
20220819,CF301,,,14920,14835,14810,440545,14815,15065,14745,221341,3301301015,454714,0,0,16025,13645,0,0,08/19/2022 21:59:07,0,14920,107,14925,95,0,0,0,0,0,0,0,0,0,0,0,0,0,0,0,0,14915,20220819
20220819,CF301,,,14920,14835,14810,440545,14815,15065,14745,221345,3301360675,454711,0,0,16025,13645,0,0,08/19/2022 21:59:08,0,14920,106,14925,88,0,0,0,0,0,0,0,0,0,0,0,0,0,0,0,0,14915,20220819
20220819,CF301,,,14925,14835,14810,440545,14815,15065,14745,221347,3301390505,454709,0,0,16025,13645,0,0,08/19/2022 21:59:08,0,14920,105,14925,97,0,0,0,0,0,0,0,0,0,0,0,0,0,0,0,0,14915,20220819
20220819,CF301,,,14925,14835,14810,440545,14815,15065,14745,221347,3301390505,454709,0,0,16025,13645,0,0,08/19/2022 21:59:08,0,14920,105,14925,98,0,0,0,0,0,0,0,0,0,0,0,0,0,0,0,0,14915,20220819
20220819,CF301,,,14920,14835,14810,440545,14815,15065,14745,221348,3301405420,454709,0,0,16025,13645,0,0,08/19/2022 21:59:09,0,14920,106,14925,99,0,0,0,0,0,0,0,0,0,0,0,0,0,0,0,0,14915,20220819
20220819,CF301,,,14925,14835,14810,440545,14815,15065,14745,221349,3301420335,454709,0,0,16025,13645,0,0,08/19/2022 21:59:10,0,14920,106,14925,99,0,0,0,0,0,0,0,0,0,0,0,0,0,0,0,0,14915,20220819
20220819,CF301,,,14925,14835,14810,440545,14815,15065,14745,221349,3301420335,454709,0,0,16025,13645,0,0,08/19/2022 21:59:10,0,14920,107,14925,102,0,0,0,0,0,0,0,0,0,0,0,0,0,0,0,0,14915,20220819
20220819,CF301,,,14925,14835,14810,440545,14815,15065,14745,221349,3301420335,454709,0,0,16025,13645,0,0,08/19/2022 21:59:11,0,14920,109,14925,102,0,0,0,0,0,0,0,0,0,0,0,0,0,0,0,0,14915,20220819
20220819,CF301,,,14920,14835,14810,440545,14815,15065,14745,221350,3301435250,454709,0,0,16025,13645,0,0,08/19/2022 21:59:11,0,14920,109,14925,121,0,0,0,0,0,0,0,0,0,0,0,0,0,0,0,0,14915,20220819
20220819,CF301,,,14920,14835,14810,440545,14815,15065,14745,221350,3301435250,454709,0,0,16025,13645,0,0,08/19/2022 21:59:12,0,14920,110,14925,121,0,0,0,0,0,0,0,0,0,0,0,0,0,0,0,0,14915,20220819
20220819,CF301,,,14920,14835,14810,440545,14815,15065,14745,221355,3301509825,454704,0,0,16025,13645,0,0,08/19/2022 21:59:12,0,14920,105,14925,121,0,0,0,0,0,0,0,0,0,0,0,0,0,0,0,0,14915,20220819
20220819,CF301,,,14920,14835,14810,440545,14815,15065,14745,221355,3301509825,454704,0,0,16025,13645,0,0,08/19/2022 21:59:12,0,14920,133,14925,119,0,0,0,0,0,0,0,0,0,0,0,0,0,0,0,0,14915,20220819
20220819,CF301,,,14920,14835,14810,440545,14815,15065,14745,221355,3301509825,454704,0,0,16025,13645,0,0,08/19/2022 21:59:13,0,14920,133,14925,120,0,0,0,0,0,0,0,0,0,0,0,0,0,0,0,0,14915,20220819
20220819,CF301,,,14920,14835,14810,440545,14815,15065,14745,221355,3301509825,454704,0,0,16025,13645,0,0,08/19/2022 21:59:14,0,14920,133,14925,121,0,0,0,0,0,0,0,0,0,0,0,0,0,0,0,0,14915,20220819
20220819,CF301,,,14920,14835,14810,440545,14815,15065,14745,221356,3301524740,454705,0,0,16025,13645,0,0,08/19/2022 21:59:14,0,14920,132,14925,121,0,0,0,0,0,0,0,0,0,0,0,0,0,0,0,0,14915,20220819
20220819,CF301,,,14920,14835,14810,440545,14815,15065,14745,221356,3301524740,454705,0,0,16025,13645,0,0,08/19/2022 21:59:15,0,14920,133,14925,122,0,0,0,0,0,0,0,0,0,0,0,0,0,0,0,0,14915,20220819
20220819,CF301,,,14920,14835,14810,440545,14815,15065,14745,221356,3301524740,454705,0,0,16025,13645,0,0,08/19/2022 21:59:15,0,14920,133,14925,123,0,0,0,0,0,0,0,0,0,0,0,0,0,0,0,0,14915,20220819
20220819,CF301,,,14920,14835,14810,440545,14815,15065,14745,221357,3301539655,454704,0,0,16025,13645,0,0,08/19/2022 21:59:17,0,14920,132,14925,119,0,0,0,0,0,0,0,0,0,0,0,0,0,0,0,0,14915,20220819
20220819,CF301,,,14925,14835,14810,440545,14815,15065,14745,221358,3301554570,454704,0,0,16025,13645,0,0,08/19/2022 21:59:17,0,14920,134,14925,118,0,0,0,0,0,0,0,0,0,0,0,0,0,0,0,0,14915,20220819
20220819,CF301,,,14920,14835,14810,440545,14815,15065,14745,221359,3301569485,454704,0,0,16025,13645,0,0,08/19/2022 21:59:18,0,14920,133,14925,118,0,0,0,0,0,0,0,0,0,0,0,0,0,0,0,0,14915,20220819
20220819,CF301,,,14925,14835,14810,440545,14815,15065,14745,221360,3301584400,454704,0,0,16025,13645,0,0,08/19/2022 21:59:18,0,14920,133,14925,118,0,0,0,0,0,0,0,0,0,0,0,0,0,0,0,0,14915,20220819
20220819,CF301,,,14925,14835,14810,440545,14815,15065,14745,221362,3301614230,454702,0,0,16025,13645,0,0,08/19/2022 21:59:20,0,14920,132,14925,118,0,0,0,0,0,0,0,0,0,0,0,0,0,0,0,0,14915,20220819
20220819,CF301,,,14925,14835,14810,440545,14815,15065,14745,221389,3302016935,454680,0,0,16025,13645,0,0,08/19/2022 21:59:21,0,14920,102,14925,117,0,0,0,0,0,0,0,0,0,0,0,0,0,0,0,0,14915,20220819
20220819,CF301,,,14925,14835,14810,440545,14815,15065,14745,221389,3302016935,454680,0,0,16025,13645,0,0,08/19/2022 21:59:21,0,14920,105,14925,107,0,0,0,0,0,0,0,0,0,0,0,0,0,0,0,0,14915,20220819
20220819,CF301,,,14920,14835,14810,440545,14815,15065,14745,221390,3302031850,454680,0,0,16025,13645,0,0,08/19/2022 21:59:22,0,14920,112,14925,108,0,0,0,0,0,0,0,0,0,0,0,0,0,0,0,0,14915,20220819
20220819,CF301,,,14925,14835,14810,440545,14815,15065,14745,221405,3302255575,454666,0,0,16025,13645,0,0,08/19/2022 21:59:22,0,14920,112,14925,93,0,0,0,0,0,0,0,0,0,0,0,0,0,0,0,0,14915,20220819
20220819,CF301,,,14925,14835,14810,440545,14815,15065,14745,221405,3302255575,454666,0,0,16025,13645,0,0,08/19/2022 21:59:23,0,14920,114,14925,93,0,0,0,0,0,0,0,0,0,0,0,0,0,0,0,0,14915,20220819
20220819,CF301,,,14920,14835,14810,440545,14815,15065,14745,221406,3302270490,454666,0,0,16025,13645,0,0,08/19/2022 21:59:23,0,14920,113,14925,95,0,0,0,0,0,0,0,0,0,0,0,0,0,0,0,0,14915,20220819
20220819,CF301,,,14920,14835,14810,440545,14815,15065,14745,221406,3302270490,454666,0,0,16025,13645,0,0,08/19/2022 21:59:23,0,14920,113,14925,98,0,0,0,0,0,0,0,0,0,0,0,0,0,0,0,0,14915,20220819
20220819,CF301,,,14925,14835,14810,440545,14815,15065,14745,221507,3303776905,454597,0,0,16025,13645,0,0,08/19/2022 21:59:25,0,14925,202,14930,164,0,0,0,0,0,0,0,0,0,0,0,0,0,0,0,0,14915,20220819
20220819,CF301,,,14925,14835,14810,440545,14815,15065,14745,221507,3303776905,454597,0,0,16025,13645,0,0,08/19/2022 21:59:25,0,14925,210,14930,163,0,0,0,0,0,0,0,0,0,0,0,0,0,0,0,0,14915,20220819
20220819,CF301,,,14930,14835,14810,440545,14815,15065,14745,221510,3303821650,454595,0,0,16025,13645,0,0,08/19/2022 21:59:25,0,14925,210,14930,160,0,0,0,0,0,0,0,0,0,0,0,0,0,0,0,0,14915,20220819
20220819,CF301,,,14925,14835,14810,440545,14815,15065,14745,221517,3303926055,454591,0,0,16025,13645,0,0,08/19/2022 21:59:26,0,14925,209,14930,180,0,0,0,0,0,0,0,0,0,0,0,0,0,0,0,0,14915,20220819
20220819,CF301,,,14925,14835,14810,440545,14815,15065,14745,221517,3303926055,454591,0,0,16025,13645,0,0,08/19/2022 21:59:26,0,14925,210,14930,190,0,0,0,0,0,0,0,0,0,0,0,0,0,0,0,0,14915,20220819
20220819,CF301,,,14925,14835,14810,440545,14815,15065,14745,221539,3304254185,454570,0,0,16025,13645,0,0,08/19/2022 21:59:27,0,14925,195,14930,185,0,0,0,0,0,0,0,0,0,0,0,0,0,0,0,0,14915,20220819
20220819,CF301,,,14930,14835,14810,440545,14815,15065,14745,221540,3304269100,454569,0,0,16025,13645,0,0,08/19/2022 21:59:28,0,14925,205,14930,184,0,0,0,0,0,0,0,0,0,0,0,0,0,0,0,0,14915,20220819
20220819,CF301,,,14925,14835,14810,440545,14815,15065,14745,221545,3304343675,454565,0,0,16025,13645,0,0,08/19/2022 21:59:28,0,14925,200,14930,185,0,0,0,0,0,0,0,0,0,0,0,0,0,0,0,0,14915,20220819
20220819,CF301,,,14930,14835,14810,440545,14815,15065,14745,221565,3304641975,454546,0,0,16025,13645,0,0,08/19/2022 21:59:29,0,14925,200,14930,165,0,0,0,0,0,0,0,0,0,0,0,0,0,0,0,0,14915,20220819
20220819,CF301,,,14930,14835,14810,440545,14815,15065,14745,221576,3304806040,454552,0,0,16025,13645,0,0,08/19/2022 21:59:29,0,14925,199,14930,165,0,0,0,0,0,0,0,0,0,0,0,0,0,0,0,0,14915,20220819
20220819,CF301,,,14925,14835,14810,440545,14815,15065,14745,221585,3304940275,454552,0,0,16025,13645,0,0,08/19/2022 21:59:30,0,14925,190,14930,160,0,0,0,0,0,0,0,0,0,0,0,0,0,0,0,0,14915,20220819
20220819,CF301,,,14925,14835,14810,440545,14815,15065,14745,221585,3304940275,454552,0,0,16025,13645,0,0,08/19/2022 21:59:30,0,14925,190,14930,162,0,0,0,0,0,0,0,0,0,0,0,0,0,0,0,0,14915,20220819
20220819,CF301,,,14930,14835,14810,440545,14815,15065,14745,221586,3304955190,454551,0,0,16025,13645,0,0,08/19/2022 21:59:31,0,14925,190,14930,161,0,0,0,0,0,0,0,0,0,0,0,0,0,0,0,0,14915,20220819
20220819,CF301,,,14930,14835,14810,440545,14815,15065,14745,221589,3304999935,454551,0,0,16025,13645,0,0,08/19/2022 21:59:31,0,14925,190,14930,162,0,0,0,0,0,0,0,0,0,0,0,0,0,0,0,0,14915,20220819
20220819,CF301,,,14925,14835,14810,440545,14815,15065,14745,221594,3305074510,454551,0,0,16025,13645,0,0,08/19/2022 21:59:32,0,14925,185,14930,162,0,0,0,0,0,0,0,0,0,0,0,0,0,0,0,0,14915,20220819
20220819,CF301,,,14930,14835,14810,440545,14815,15065,14745,221597,3305119255,454551,0,0,16025,13645,0,0,08/19/2022 21:59:32,0,14925,200,14930,162,0,0,0,0,0,0,0,0,0,0,0,0,0,0,0,0,14915,20220819
20220819,CF301,,,14925,14835,14810,440545,14815,15065,14745,221611,3305328065,454542,0,0,16025,13645,0,0,08/19/2022 21:59:33,0,14925,190,14930,160,0,0,0,0,0,0,0,0,0,0,0,0,0,0,0,0,14915,20220819
20220819,CF301,,,14930,14835,14810,440545,14815,15065,14745,221622,3305492130,454540,0,0,16025,13645,0,0,08/19/2022 21:59:33,0,14925,191,14930,161,0,0,0,0,0,0,0,0,0,0,0,0,0,0,0,0,14915,20220819
20220819,CF301,,,14930,14835,14810,440545,14815,15065,14745,221622,3305492130,454540,0,0,16025,13645,0,0,08/19/2022 21:59:33,0,14925,192,14930,166,0,0,0,0,0,0,0,0,0,0,0,0,0,0,0,0,14915,20220819
20220819,CF301,,,14930,14835,14810,440545,14815,15065,14745,221622,3305492130,454540,0,0,16025,13645,0,0,08/19/2022 21:59:35,0,14925,196,14930,166,0,0,0,0,0,0,0,0,0,0,0,0,0,0,0,0,14915,20220819
20220819,CF301,,,14930,14835,14810,440545,14815,15065,14745,221622,3305492130,454540,0,0,16025,13645,0,0,08/19/2022 21:59:35,0,14925,198,14930,166,0,0,0,0,0,0,0,0,0,0,0,0,0,0,0,0,14915,20220819
20220819,CF301,,,14930,14835,14810,440545,14815,15065,14745,221622,3305492130,454540,0,0,16025,13645,0,0,08/19/2022 21:59:36,0,14925,200,14930,166,0,0,0,0,0,0,0,0,0,0,0,0,0,0,0,0,14915,20220819
20220819,CF301,,,14935,14835,14810,440545,14815,15065,14745,221870,3309191050,454483,0,0,16025,13645,0,0,08/19/2022 21:59:36,0,14930,28,14935,104,0,0,0,0,0,0,0,0,0,0,0,0,0,0,0,0,14915,20220819
20220819,CF301,,,14930,14835,14810,440545,14815,15065,14745,221918,3309906970,454499,0,0,16025,13645,0,0,08/19/2022 21:59:37,0,14925,229,14930,102,0,0,0,0,0,0,0,0,0,0,0,0,0,0,0,0,14915,20220819
20220819,CF301,,,14930,14835,14810,440545,14815,15065,14745,221922,3309966630,454500,0,0,16025,13645,0,0,08/19/2022 21:59:37,0,14925,212,14930,105,0,0,0,0,0,0,0,0,0,0,0,0,0,0,0,0,14915,20220819
20220819,CF301,,,14930,14835,14810,440545,14815,15065,14745,221922,3309966630,454500,0,0,16025,13645,0,0,08/19/2022 21:59:38,0,14925,214,14930,105,0,0,0,0,0,0,0,0,0,0,0,0,0,0,0,0,14915,20220819
20220819,CF301,,,14930,14835,14810,440545,14815,15065,14745,221924,3309996460,454501,0,0,16025,13645,0,0,08/19/2022 21:59:38,0,14925,214,14930,105,0,0,0,0,0,0,0,0,0,0,0,0,0,0,0,0,14915,20220819
20220819,CF301,,,14930,14835,14810,440545,14815,15065,14745,221929,3310071035,454504,0,0,16025,13645,0,0,08/19/2022 21:59:39,0,14925,213,14930,102,0,0,0,0,0,0,0,0,0,0,0,0,0,0,0,0,14915,20220819
20220819,CF301,,,14930,14835,14810,440545,14815,15065,14745,221930,3310085950,454505,0,0,16025,13645,0,0,08/19/2022 21:59:39,0,14925,214,14930,104,0,0,0,0,0,0,0,0,0,0,0,0,0,0,0,0,14915,20220819
20220819,CF301,,,14930,14835,14810,440545,14815,15065,14745,221941,3310250015,454501,0,0,16025,13645,0,0,08/19/2022 21:59:40,0,14925,210,14930,97,0,0,0,0,0,0,0,0,0,0,0,0,0,0,0,0,14915,20220819
20220819,CF301,,,14930,14835,14810,440545,14815,15065,14745,221942,3310264930,454501,0,0,16025,13645,0,0,08/19/2022 21:59:40,0,14925,220,14930,96,0,0,0,0,0,0,0,0,0,0,0,0,0,0,0,0,14915,20220819
20220819,CF301,,,14930,14835,14810,440545,14815,15065,14745,221952,3310414080,454504,0,0,16025,13645,0,0,08/19/2022 21:59:41,0,14925,219,14930,86,0,0,0,0,0,0,0,0,0,0,0,0,0,0,0,0,14915,20220819
20220819,CF301,,,14930,14835,14810,440545,14815,15065,14745,221955,3310458825,454507,0,0,16025,13645,0,0,08/19/2022 21:59:41,0,14925,227,14930,89,0,0,0,0,0,0,0,0,0,0,0,0,0,0,0,0,14915,20220819
20220819,CF301,,,14925,14835,14810,440545,14815,15065,14745,221957,3310488655,454508,0,0,16025,13645,0,0,08/19/2022 21:59:42,0,14925,227,14930,89,0,0,0,0,0,0,0,0,0,0,0,0,0,0,0,0,14915,20220819
20220819,CF301,,,14925,14835,14810,440545,14815,15065,14745,221967,3310637805,454515,0,0,16025,13645,0,0,08/19/2022 21:59:42,0,14925,226,14930,81,0,0,0,0,0,0,0,0,0,0,0,0,0,0,0,0,14915,20220819
20220819,CF301,,,14930,14835,14810,440545,14815,15065,14745,221970,3310682550,454516,0,0,16025,13645,0,0,08/19/2022 21:59:43,0,14925,219,14930,78,0,0,0,0,0,0,0,0,0,0,0,0,0,0,0,0,14915,20220819
20220819,CF301,,,14930,14835,14810,440545,14815,15065,14745,221970,3310682550,454516,0,0,16025,13645,0,0,08/19/2022 21:59:43,0,14925,219,14930,82,0,0,0,0,0,0,0,0,0,0,0,0,0,0,0,0,14915,20220819
20220819,CF301,,,14925,14835,14810,440545,14815,15065,14745,221974,3310742210,454514,0,0,16025,13645,0,0,08/19/2022 21:59:44,0,14925,218,14930,79,0,0,0,0,0,0,0,0,0,0,0,0,0,0,0,0,14915,20220819
20220819,CF301,,,14930,14835,14810,440545,14815,15065,14745,221976,3310772040,454514,0,0,16025,13645,0,0,08/19/2022 21:59:44,0,14925,216,14930,78,0,0,0,0,0,0,0,0,0,0,0,0,0,0,0,0,14915,20220819
20220819,CF301,,,14930,14835,14810,440545,14815,15065,14745,221976,3310772040,454514,0,0,16025,13645,0,0,08/19/2022 21:59:45,0,14925,216,14930,81,0,0,0,0,0,0,0,0,0,0,0,0,0,0,0,0,14915,20220819
20220819,CF301,,,14930,14835,14810,440545,14815,15065,14745,221977,3310786955,454514,0,0,16025,13645,0,0,08/19/2022 21:59:45,0,14925,216,14930,80,0,0,0,0,0,0,0,0,0,0,0,0,0,0,0,0,14915,20220819
20220819,CF301,,,14930,14835,14810,440545,14815,15065,14745,221979,3310816785,454512,0,0,16025,13645,0,0,08/19/2022 21:59:46,0,14925,216,14930,88,0,0,0,0,0,0,0,0,0,0,0,0,0,0,0,0,14915,20220819
20220819,CF301,,,14930,14835,14810,440545,14815,15065,14745,221979,3310816785,454512,0,0,16025,13645,0,0,08/19/2022 21:59:46,0,14925,216,14930,89,0,0,0,0,0,0,0,0,0,0,0,0,0,0,0,0,14915,20220819
20220819,CF301,,,14930,14835,14810,440545,14815,15065,14745,221982,3310861530,454512,0,0,16025,13645,0,0,08/19/2022 21:59:47,0,14925,216,14930,86,0,0,0,0,0,0,0,0,0,0,0,0,0,0,0,0,14915,20220819
20220819,CF301,,,14925,14835,14810,440545,14815,15065,14745,221988,3310951020,454515,0,0,16025,13645,0,0,08/19/2022 21:59:47,0,14925,218,14930,81,0,0,0,0,0,0,0,0,0,0,0,0,0,0,0,0,14915,20220819
20220819,CF301,,,14925,14835,14810,440545,14815,15065,14745,221988,3310951020,454515,0,0,16025,13645,0,0,08/19/2022 21:59:48,0,14925,218,14930,86,0,0,0,0,0,0,0,0,0,0,0,0,0,0,0,0,14915,20220819
20220819,CF301,,,14925,14835,14810,440545,14815,15065,14745,221988,3310951020,454515,0,0,16025,13645,0,0,08/19/2022 21:59:48,0,14925,219,14930,89,0,0,0,0,0,0,0,0,0,0,0,0,0,0,0,0,14915,20220819
20220819,CF301,,,14930,14835,14810,440545,14815,15065,14745,221989,3310965935,454516,0,0,16025,13645,0,0,08/19/2022 21:59:49,0,14925,220,14930,90,0,0,0,0,0,0,0,0,0,0,0,0,0,0,0,0,14915,20220819
20220819,CF301,,,14930,14835,14810,440545,14815,15065,14745,221991,3310995765,454518,0,0,16025,13645,0,0,08/19/2022 21:59:49,0,14925,221,14930,91,0,0,0,0,0,0,0,0,0,0,0,0,0,0,0,0,14915,20220819
20220819,CF301,,,14930,14835,14810,440545,14815,15065,14745,221991,3310995765,454518,0,0,16025,13645,0,0,08/19/2022 21:59:49,0,14925,221,14930,92,0,0,0,0,0,0,0,0,0,0,0,0,0,0,0,0,14915,20220819
20220819,CF301,,,14930,14835,14810,440545,14815,15065,14745,221996,3311070340,454523,0,0,16025,13645,0,0,08/19/2022 21:59:50,0,14925,221,14930,87,0,0,0,0,0,0,0,0,0,0,0,0,0,0,0,0,14915,20220819
20220819,CF301,,,14930,14835,14810,440545,14815,15065,14745,221997,3311085255,454524,0,0,16025,13645,0,0,08/19/2022 21:59:51,0,14925,222,14930,86,0,0,0,0,0,0,0,0,0,0,0,0,0,0,0,0,14915,20220819
20220819,CF301,,,14930,14835,14810,440545,14815,15065,14745,221999,3311115085,454526,0,0,16025,13645,0,0,08/19/2022 21:59:51,0,14925,223,14930,86,0,0,0,0,0,0,0,0,0,0,0,0,0,0,0,0,14915,20220819
20220819,CF301,,,14930,14835,14810,440545,14815,15065,14745,221999,3311115085,454526,0,0,16025,13645,0,0,08/19/2022 21:59:52,0,14925,225,14930,88,0,0,0,0,0,0,0,0,0,0,0,0,0,0,0,0,14915,20220819
20220819,CF301,,,14930,14835,14810,440545,14815,15065,14745,221999,3311115085,454526,0,0,16025,13645,0,0,08/19/2022 21:59:52,0,14925,231,14930,88,0,0,0,0,0,0,0,0,0,0,0,0,0,0,0,0,14915,20220819
20220819,CF301,,,14930,14835,14810,440545,14815,15065,14745,222010,3311279150,454529,0,0,16025,13645,0,0,08/19/2022 21:59:53,0,14925,229,14930,83,0,0,0,0,0,0,0,0,0,0,0,0,0,0,0,0,14915,20220819
20220819,CF301,,,14925,14835,14810,440545,14815,15065,14745,222011,3311294065,454528,0,0,16025,13645,0,0,08/19/2022 21:59:53,0,14925,229,14930,84,0,0,0,0,0,0,0,0,0,0,0,0,0,0,0,0,14915,20220819
20220819,CF301,,,14930,14835,14810,440545,14815,15065,14745,222013,3311323895,454528,0,0,16025,13645,0,0,08/19/2022 21:59:54,0,14925,229,14930,83,0,0,0,0,0,0,0,0,0,0,0,0,0,0,0,0,14915,20220819
20220819,CF301,,,14930,14835,14810,440545,14815,15065,14745,222013,3311323895,454528,0,0,16025,13645,0,0,08/19/2022 21:59:54,0,14925,245,14930,83,0,0,0,0,0,0,0,0,0,0,0,0,0,0,0,0,14915,20220819
20220819,CF301,,,14930,14835,14810,440545,14815,15065,14745,222015,3311353725,454527,0,0,16025,13645,0,0,08/19/2022 21:59:55,0,14925,245,14930,82,0,0,0,0,0,0,0,0,0,0,0,0,0,0,0,0,14915,20220819
20220819,CF301,,,14930,14835,14810,440545,14815,15065,14745,222015,3311353725,454527,0,0,16025,13645,0,0,08/19/2022 21:59:55,0,14925,245,14930,86,0,0,0,0,0,0,0,0,0,0,0,0,0,0,0,0,14915,20220819
20220819,CF301,,,14930,14835,14810,440545,14815,15065,14745,222017,3311383555,454526,0,0,16025,13645,0,0,08/19/2022 21:59:56,0,14925,245,14930,87,0,0,0,0,0,0,0,0,0,0,0,0,0,0,0,0,14915,20220819
20220819,CF301,,,14930,14835,14810,440545,14815,15065,14745,222017,3311383555,454526,0,0,16025,13645,0,0,08/19/2022 21:59:57,0,14925,245,14930,89,0,0,0,0,0,0,0,0,0,0,0,0,0,0,0,0,14915,20220819
20220819,CF301,,,14930,14835,14810,440545,14815,15065,14745,222067,3312129305,454522,0,0,16025,13645,0,0,08/19/2022 21:59:57,0,14925,236,14930,48,0,0,0,0,0,0,0,0,0,0,0,0,0,0,0,0,14915,20220819
20220819,CF301,,,14930,14835,14810,440545,14815,15065,14745,222082,3312353030,454523,0,0,16025,13645,0,0,08/19/2022 21:59:58,0,14925,236,14930,34,0,0,0,0,0,0,0,0,0,0,0,0,0,0,0,0,14915,20220819
20220819,CF301,,,14925,14835,14810,440545,14815,15065,14745,222085,3312397775,454522,0,0,16025,13645,0,0,08/19/2022 21:59:58,0,14925,237,14930,36,0,0,0,0,0,0,0,0,0,0,0,0,0,0,0,0,14915,20220819
20220819,CF301,,,14930,14835,14810,440545,14815,15065,14745,222086,3312412690,454523,0,0,16025,13645,0,0,08/19/2022 21:59:59,0,14925,236,14930,35,0,0,0,0,0,0,0,0,0,0,0,0,0,0,0,0,14915,20220819
20220819,CF301,,,14930,14835,14810,440545,14815,15065,14745,222089,3312457435,454525,0,0,16025,13645,0,0,08/19/2022 22:00:00,0,14925,236,14930,37,0,0,0,0,0,0,0,0,0,0,0,0,0,0,0,0,14915,20220819
20220819,CF301,,,14930,14835,14810,440545,14815,15065,14745,222099,3312606585,454523,0,0,16025,13645,0,0,08/19/2022 22:00:00,0,14925,241,14930,33,0,0,0,0,0,0,0,0,0,0,0,0,0,0,0,0,14915,20220819
20220819,CF301,,,14930,14835,14810,440545,14815,15065,14745,222100,3312621500,454523,0,0,16025,13645,0,0,08/19/2022 22:00:01,0,14925,241,14930,27,0,0,0,0,0,0,0,0,0,0,0,0,0,0,0,0,14915,20220819
20220819,CF301,,,14930,14835,14810,440545,14815,15065,14745,222108,3312740820,454530,0,0,16025,13645,0,0,08/19/2022 22:00:01,0,14925,241,14930,33,0,0,0,0,0,0,0,0,0,0,0,0,0,0,0,0,14915,20220819
20220819,CF301,,,14925,14835,14810,440545,14815,15065,14745,222110,3312770650,454528,0,0,16025,13645,0,0,08/19/2022 22:00:02,0,14925,239,14930,42,0,0,0,0,0,0,0,0,0,0,0,0,0,0,0,0,14915,20220819
20220819,CF301,,,14925,14835,14810,440545,14815,15065,14745,222110,3312770650,454528,0,0,16025,13645,0,0,08/19/2022 22:00:02,0,14925,225,14930,59,0,0,0,0,0,0,0,0,0,0,0,0,0,0,0,0,14915,20220819
20220819,CF301,,,14930,14835,14810,440545,14815,15065,14745,222114,3312830310,454530,0,0,16025,13645,0,0,08/19/2022 22:00:02,0,14925,225,14930,55,0,0,0,0,0,0,0,0,0,0,0,0,0,0,0,0,14915,20220819
20220819,CF301,,,14930,14835,14810,440545,14815,15065,14745,222126,3313009290,454539,0,0,16025,13645,0,0,08/19/2022 22:00:03,0,14925,224,14930,46,0,0,0,0,0,0,0,0,0,0,0,0,0,0,0,0,14915,20220819
20220819,CF301,,,14925,14835,14810,440545,14815,15065,14745,222136,3313158440,454539,0,0,16025,13645,0,0,08/19/2022 22:00:04,0,14925,215,14930,107,0,0,0,0,0,0,0,0,0,0,0,0,0,0,0,0,14915,20220819
20220819,CF301,,,14925,14835,14810,440545,14815,15065,14745,222139,3313203185,454539,0,0,16025,13645,0,0,08/19/2022 22:00:04,0,14925,219,14930,111,0,0,0,0,0,0,0,0,0,0,0,0,0,0,0,0,14915,20220819
20220819,CF301,,,14925,14835,14810,440545,14815,15065,14745,222139,3313203185,454539,0,0,16025,13645,0,0,08/19/2022 22:00:05,0,14925,224,14930,113,0,0,0,0,0,0,0,0,0,0,0,0,0,0,0,0,14915,20220819
20220819,CF301,,,14930,14835,14810,440545,14815,15065,14745,222144,3313277760,454540,0,0,16025,13645,0,0,08/19/2022 22:00:05,0,14925,222,14930,113,0,0,0,0,0,0,0,0,0,0,0,0,0,0,0,0,14915,20220819
20220819,CF301,,,14930,14835,14810,440545,14815,15065,14745,222145,3313292675,454541,0,0,16025,13645,0,0,08/19/2022 22:00:05,0,14925,222,14930,122,0,0,0,0,0,0,0,0,0,0,0,0,0,0,0,0,14915,20220819
20220819,CF301,,,14930,14835,14810,440545,14815,15065,14745,222145,3313292675,454541,0,0,16025,13645,0,0,08/19/2022 22:00:06,0,14925,223,14930,128,0,0,0,0,0,0,0,0,0,0,0,0,0,0,0,0,14915,20220819
20220819,CF301,,,14925,14835,14810,440545,14815,15065,14745,222148,3313337420,454541,0,0,16025,13645,0,0,08/19/2022 22:00:07,0,14925,218,14930,128,0,0,0,0,0,0,0,0,0,0,0,0,0,0,0,0,14915,20220819
20220819,CF301,,,14930,14835,14810,440545,14815,15065,14745,222150,3313367250,454542,0,0,16025,13645,0,0,08/19/2022 22:00:07,0,14925,218,14930,129,0,0,0,0,0,0,0,0,0,0,0,0,0,0,0,0,14915,20220819
20220819,CF301,,,14930,14835,14810,440545,14815,15065,14745,222151,3313382165,454542,0,0,16025,13645,0,0,08/19/2022 22:00:07,0,14925,218,14930,128,0,0,0,0,0,0,0,0,0,0,0,0,0,0,0,0,14915,20220819
20220819,CF301,,,14925,14835,14810,440545,14815,15065,14745,222156,3313456740,454542,0,0,16025,13645,0,0,08/19/2022 22:00:08,0,14925,204,14930,134,0,0,0,0,0,0,0,0,0,0,0,0,0,0,0,0,14915,20220819
20220819,CF301,,,14925,14835,14810,440545,14815,15065,14745,222361,3316514315,454512,0,0,16025,13645,0,0,08/19/2022 22:00:09,0,14920,158,14925,134,0,0,0,0,0,0,0,0,0,0,0,0,0,0,0,0,14915,20220819
20220819,CF301,,,14920,14835,14810,440545,14815,15065,14745,222369,3316633635,454520,0,0,16025,13645,0,0,08/19/2022 22:00:09,0,14920,112,14925,199,0,0,0,0,0,0,0,0,0,0,0,0,0,0,0,0,14915,20220819
20220819,CF301,,,14920,14835,14810,440545,14815,15065,14745,222377,3316752955,454518,0,0,16025,13645,0,0,08/19/2022 22:00:10,0,14920,104,14925,170,0,0,0,0,0,0,0,0,0,0,0,0,0,0,0,0,14915,20220819
20220819,CF301,,,14920,14835,14810,440545,14815,15065,14745,222388,3316917020,454523,0,0,16025,13645,0,0,08/19/2022 22:00:10,0,14920,92,14925,165,0,0,0,0,0,0,0,0,0,0,0,0,0,0,0,0,14915,20220819
20220819,CF301,,,14920,14835,14810,440545,14815,15065,14745,222388,3316917020,454523,0,0,16025,13645,0,0,08/19/2022 22:00:11,0,14920,95,14925,165,0,0,0,0,0,0,0,0,0,0,0,0,0,0,0,0,14915,20220819
20220819,CF301,,,14920,14835,14810,440545,14815,15065,14745,222389,3316931935,454523,0,0,16025,13645,0,0,08/19/2022 22:00:11,0,14920,94,14925,166,0,0,0,0,0,0,0,0,0,0,0,0,0,0,0,0,14915,20220819
20220819,CF301,,,14925,14835,14810,440545,14815,15065,14745,222392,3316976680,454523,0,0,16025,13645,0,0,08/19/2022 22:00:12,0,14920,96,14925,164,0,0,0,0,0,0,0,0,0,0,0,0,0,0,0,0,14915,20220819
20220819,CF301,,,14925,14835,14810,440545,14815,15065,14745,222394,3317006510,454525,0,0,16025,13645,0,0,08/19/2022 22:00:12,0,14920,98,14925,170,0,0,0,0,0,0,0,0,0,0,0,0,0,0,0,0,14915,20220819
20220819,CF301,,,14920,14835,14810,440545,14815,15065,14745,222417,3317349555,454509,0,0,16025,13645,0,0,08/19/2022 22:00:13,0,14920,75,14925,172,0,0,0,0,0,0,0,0,0,0,0,0,0,0,0,0,14915,20220819
20220819,CF301,,,14915,14835,14810,440545,14815,15065,14745,222533,3319079695,454480,0,0,16025,13645,0,0,08/19/2022 22:00:13,0,14915,115,14920,67,0,0,0,0,0,0,0,0,0,0,0,0,0,0,0,0,14915,20220819
20220819,CF301,,,14915,14835,14810,440545,14815,15065,14745,222538,3319154270,454479,0,0,16025,13645,0,0,08/19/2022 22:00:14,0,14915,95,14920,138,0,0,0,0,0,0,0,0,0,0,0,0,0,0,0,0,14915,20220819
20220819,CF301,,,14920,14835,14810,440545,14815,15065,14745,222541,3319199015,454481,0,0,16025,13645,0,0,08/19/2022 22:00:14,0,14915,86,14920,137,0,0,0,0,0,0,0,0,0,0,0,0,0,0,0,0,14915,20220819
20220819,CF301,,,14915,14835,14810,440545,14815,15065,14745,222542,3319213930,454481,0,0,16025,13645,0,0,08/19/2022 22:00:14,0,14915,86,14920,139,0,0,0,0,0,0,0,0,0,0,0,0,0,0,0,0,14915,20220819
20220819,CF301,,,14920,14835,14810,440545,14815,15065,14745,222544,3319243760,454481,0,0,16025,13645,0,0,08/19/2022 22:00:15,0,14915,86,14920,137,0,0,0,0,0,0,0,0,0,0,0,0,0,0,0,0,14915,20220819
20220819,CF301,,,14920,14835,14810,440545,14815,15065,14745,222551,3319348165,454488,0,0,16025,13645,0,0,08/19/2022 22:00:16,0,14915,86,14920,130,0,0,0,0,0,0,0,0,0,0,0,0,0,0,0,0,14915,20220819
20220819,CF301,,,14945,14835,14810,440545,14815,15065,14745,229039,3416116685,453724,0,0,16025,13645,0,0,08/19/2022 22:03:55,0,14940,145,14945,122,0,0,0,0,0,0,0,0,0,0,0,0,0,0,0,0,14915,20220819
20220819,CF301,,,14945,14835,14810,440545,14815,15065,14745,229040,3416131600,453724,0,0,16025,13645,0,0,08/19/2022 22:03:55,0,14940,145,14945,122,0,0,0,0,0,0,0,0,0,0,0,0,0,0,0,0,14915,20220819
20220819,CF301,,,14940,14835,14810,440545,14815,15065,14745,229042,3416161430,453722,0,0,16025,13645,0,0,08/19/2022 22:03:56,0,14940,143,14945,123,0,0,0,0,0,0,0,0,0,0,0,0,0,0,0,0,14915,20220819
20220819,CF301,,,14940,14835,14810,440545,14815,15065,14745,229042,3416161430,453722,0,0,16025,13645,0,0,08/19/2022 22:03:56,0,14940,143,14945,125,0,0,0,0,0,0,0,0,0,0,0,0,0,0,0,0,14915,20220819
20220819,CF301,,,14940,14835,14810,440545,14815,15065,14745,229044,3416191260,453723,0,0,16025,13645,0,0,08/19/2022 22:03:58,0,14940,143,14945,124,0,0,0,0,0,0,0,0,0,0,0,0,0,0,0,0,14915,20220819
20220819,CF301,,,14945,14835,14810,440545,14815,15065,14745,229045,3416206175,453723,0,0,16025,13645,0,0,08/19/2022 22:03:58,0,14940,143,14945,143,0,0,0,0,0,0,0,0,0,0,0,0,0,0,0,0,14915,20220819
20220819,CF301,,,14940,14835,14810,440545,14815,15065,14745,229181,3418234615,453765,0,0,16025,13645,0,0,08/19/2022 22:03:59,0,14935,203,14940,41,0,0,0,0,0,0,0,0,0,0,0,0,0,0,0,0,14915,20220819
20220819,CF301,,,14940,14835,14810,440545,14815,15065,14745,229186,3418309190,453764,0,0,16025,13645,0,0,08/19/2022 22:03:59,0,14935,167,14940,90,0,0,0,0,0,0,0,0,0,0,0,0,0,0,0,0,14915,20220819
20220819,CF301,,,14940,14835,14810,440545,14815,15065,14745,229189,3418353935,453763,0,0,16025,13645,0,0,08/19/2022 22:04:00,0,14935,177,14940,88,0,0,0,0,0,0,0,0,0,0,0,0,0,0,0,0,14915,20220819
20220819,CF301,,,14940,14835,14810,440545,14815,15065,14745,229190,3418368850,453763,0,0,16025,13645,0,0,08/19/2022 22:04:00,0,14935,178,14940,90,0,0,0,0,0,0,0,0,0,0,0,0,0,0,0,0,14915,20220819
20220819,CF301,,,14935,14835,14810,440545,14815,15065,14745,229191,3418383765,453763,0,0,16025,13645,0,0,08/19/2022 22:04:01,0,14935,170,14940,90,0,0,0,0,0,0,0,0,0,0,0,0,0,0,0,0,14915,20220819
20220819,CF301,,,14940,14835,14810,440545,14815,15065,14745,229192,3418398680,453763,0,0,16025,13645,0,0,08/19/2022 22:04:01,0,14935,181,14940,92,0,0,0,0,0,0,0,0,0,0,0,0,0,0,0,0,14915,20220819
20220819,CF301,,,14940,14835,14810,440545,14815,15065,14745,229196,3418458340,453759,0,0,16025,13645,0,0,08/19/2022 22:04:02,0,14935,186,14940,94,0,0,0,0,0,0,0,0,0,0,0,0,0,0,0,0,14915,20220819
20220819,CF301,,,14940,14835,14810,440545,14815,15065,14745,229198,3418488170,453759,0,0,16025,13645,0,0,08/19/2022 22:04:02,0,14935,187,14940,93,0,0,0,0,0,0,0,0,0,0,0,0,0,0,0,0,14915,20220819
20220819,CF301,,,14940,14835,14810,440545,14815,15065,14745,229199,3418503085,453760,0,0,16025,13645,0,0,08/19/2022 22:04:03,0,14935,188,14940,92,0,0,0,0,0,0,0,0,0,0,0,0,0,0,0,0,14915,20220819
20220819,CF301,,,14935,14835,14810,440545,14815,15065,14745,229209,3418652235,453769,0,0,16025,13645,0,0,08/19/2022 22:04:03,0,14935,193,14940,107,0,0,0,0,0,0,0,0,0,0,0,0,0,0,0,0,14915,20220819
20220819,CF301,,,14935,14835,14810,440545,14815,15065,14745,229225,3418890875,453772,0,0,16025,13645,0,0,08/19/2022 22:04:04,0,14935,187,14940,94,0,0,0,0,0,0,0,0,0,0,0,0,0,0,0,0,14915,20220819
20220819,CF301,,,14940,14835,14810,440545,14815,15065,14745,229226,3418905790,453772,0,0,16025,13645,0,0,08/19/2022 22:04:04,0,14935,188,14940,93,0,0,0,0,0,0,0,0,0,0,0,0,0,0,0,0,14915,20220819
20220819,CF301,,,14940,14835,14810,440545,14815,15065,14745,229229,3418950535,453774,0,0,16025,13645,0,0,08/19/2022 22:04:05,0,14935,186,14940,95,0,0,0,0,0,0,0,0,0,0,0,0,0,0,0,0,14915,20220819
20220819,CF301,,,14940,14835,14810,440545,14815,15065,14745,229327,3420412205,453727,0,0,16025,13645,0,0,08/19/2022 22:04:05,0,14940,46,14945,215,0,0,0,0,0,0,0,0,0,0,0,0,0,0,0,0,14915,20220819
20220819,CF301,,,14940,14835,14810,440545,14815,15065,14745,229330,3420456950,453727,0,0,16025,13645,0,0,08/19/2022 22:04:06,0,14940,146,14945,164,0,0,0,0,0,0,0,0,0,0,0,0,0,0,0,0,14915,20220819
20220819,CF301,,,14940,14835,14810,440545,14815,15065,14745,229332,3420486780,453727,0,0,16025,13645,0,0,08/19/2022 22:04:06,0,14940,152,14945,167,0,0,0,0,0,0,0,0,0,0,0,0,0,0,0,0,14915,20220819
20220819,CF301,,,14940,14835,14810,440545,14815,15065,14745,229334,3420516610,453727,0,0,16025,13645,0,0,08/19/2022 22:04:07,0,14940,150,14945,171,0,0,0,0,0,0,0,0,0,0,0,0,0,0,0,0,14915,20220819
20220819,CF301,,,14940,14835,14810,440545,14815,15065,14745,229335,3420531525,453727,0,0,16025,13645,0,0,08/19/2022 22:04:07,0,14940,152,14945,176,0,0,0,0,0,0,0,0,0,0,0,0,0,0,0,0,14915,20220819
20220819,CF301,,,14940,14835,14810,440545,14815,15065,14745,229335,3420531525,453727,0,0,16025,13645,0,0,08/19/2022 22:04:08,0,14940,153,14945,176,0,0,0,0,0,0,0,0,0,0,0,0,0,0,0,0,14915,20220819
20220819,CF301,,,14940,14835,14810,440545,14815,15065,14745,229341,3420621015,453728,0,0,16025,13645,0,0,08/19/2022 22:04:08,0,14940,157,14945,174,0,0,0,0,0,0,0,0,0,0,0,0,0,0,0,0,14915,20220819
20220819,CF301,,,14945,14835,14810,440545,14815,15065,14745,229342,3420635930,453729,0,0,16025,13645,0,0,08/19/2022 22:04:09,0,14940,156,14945,174,0,0,0,0,0,0,0,0,0,0,0,0,0,0,0,0,14915,20220819
20220819,CF301,,,14940,14835,14810,440545,14815,15065,14745,229353,3420799995,453731,0,0,16025,13645,0,0,08/19/2022 22:04:09,0,14940,145,14945,173,0,0,0,0,0,0,0,0,0,0,0,0,0,0,0,0,14915,20220819
20220819,CF301,,,14940,14835,14810,440545,14815,15065,14745,229357,3420859655,453734,0,0,16025,13645,0,0,08/19/2022 22:04:10,0,14940,146,14945,170,0,0,0,0,0,0,0,0,0,0,0,0,0,0,0,0,14915,20220819
20220819,CF301,,,14940,14835,14810,440545,14815,15065,14745,229508,3423111820,453676,0,0,16025,13645,0,0,08/19/2022 22:04:10,0,14935,217,14940,40,0,0,0,0,0,0,0,0,0,0,0,0,0,0,0,0,14915,20220819
20220819,CF301,,,14940,14835,14810,440545,14815,15065,14745,229508,3423111820,453676,0,0,16025,13645,0,0,08/19/2022 22:04:11,0,14935,188,14940,48,0,0,0,0,0,0,0,0,0,0,0,0,0,0,0,0,14915,20220819
20220819,CF301,,,14940,14835,14810,440545,14815,15065,14745,229510,3423141650,453676,0,0,16025,13645,0,0,08/19/2022 22:04:11,0,14935,179,14940,57,0,0,0,0,0,0,0,0,0,0,0,0,0,0,0,0,14915,20220819
20220819,CF301,,,14940,14835,14810,440545,14815,15065,14745,229528,3423410120,453665,0,0,16025,13645,0,0,08/19/2022 22:04:12,0,14935,179,14940,42,0,0,0,0,0,0,0,0,0,0,0,0,0,0,0,0,14915,20220819
20220819,CF301,,,14940,14835,14810,440545,14815,15065,14745,229530,3423439950,453665,0,0,16025,13645,0,0,08/19/2022 22:04:12,0,14935,181,14940,40,0,0,0,0,0,0,0,0,0,0,0,0,0,0,0,0,14915,20220819
20220819,CF301,,,14935,14835,14810,440545,14815,15065,14745,229534,3423499610,453666,0,0,16025,13645,0,0,08/19/2022 22:04:13,0,14935,180,14940,40,0,0,0,0,0,0,0,0,0,0,0,0,0,0,0,0,14915,20220819
20220819,CF301,,,14940,14835,14810,440545,14815,15065,14745,229536,3423529440,453665,0,0,16025,13645,0,0,08/19/2022 22:04:13,0,14935,179,14940,48,0,0,0,0,0,0,0,0,0,0,0,0,0,0,0,0,14915,20220819
20220819,CF301,,,14940,14835,14810,440545,14815,15065,14745,229539,3423574185,453664,0,0,16025,13645,0,0,08/19/2022 22:04:14,0,14935,179,14940,45,0,0,0,0,0,0,0,0,0,0,0,0,0,0,0,0,14915,20220819
20220819,CF301,,,14940,14835,14810,440545,14815,15065,14745,229541,3423604015,453664,0,0,16025,13645,0,0,08/19/2022 22:04:14,0,14935,181,14940,43,0,0,0,0,0,0,0,0,0,0,0,0,0,0,0,0,14915,20220819
20220819,CF301,,,14935,14835,14810,440545,14815,15065,14745,229542,3423618930,453664,0,0,16025,13645,0,0,08/19/2022 22:04:15,0,14935,181,14940,44,0,0,0,0,0,0,0,0,0,0,0,0,0,0,0,0,14915,20220819
20220819,CF301,,,14935,14835,14810,440545,14815,15065,14745,229549,3423723335,453664,0,0,16025,13645,0,0,08/19/2022 22:04:15,0,14935,175,14940,65,0,0,0,0,0,0,0,0,0,0,0,0,0,0,0,0,14915,20220819
20220819,CF301,,,14940,14835,14810,440545,14815,15065,14745,229550,3423738250,453664,0,0,16025,13645,0,0,08/19/2022 22:04:15,0,14935,153,14940,65,0,0,0,0,0,0,0,0,0,0,0,0,0,0,0,0,14915,20220819
20220819,CF301,,,14935,14835,14810,440545,14815,15065,14745,229551,3423753165,453664,0,0,16025,13645,0,0,08/19/2022 22:04:16,0,14935,152,14940,77,0,0,0,0,0,0,0,0,0,0,0,0,0,0,0,0,14915,20220819
20220819,CF301,,,14935,14835,14810,440545,14815,15065,14745,229562,3423917230,453664,0,0,16025,13645,0,0,08/19/2022 22:04:17,0,14935,142,14940,77,0,0,0,0,0,0,0,0,0,0,0,0,0,0,0,0,14915,20220819
20220819,CF301,,,14935,14835,14810,440545,14815,15065,14745,229632,3424961280,453641,0,0,16025,13645,0,0,08/19/2022 22:04:17,0,14935,73,14940,77,0,0,0,0,0,0,0,0,0,0,0,0,0,0,0,0,14915,20220819
20220819,CF301,,,14945,14835,14810,440545,14815,15065,14745,237295,3540441400,453306,0,0,16025,13645,0,0,08/19/2022 22:09:51,0,14940,125,14945,60,0,0,0,0,0,0,0,0,0,0,0,0,0,0,0,0,14920,20220819
20220819,CF301,,,14945,14835,14810,440545,14815,15065,14745,237296,3540456320,453307,0,0,16025,13645,0,0,08/19/2022 22:09:51,0,14940,122,14945,68,0,0,0,0,0,0,0,0,0,0,0,0,0,0,0,0,14920,20220819
20220819,CF301,,,14940,14835,14810,440545,14815,15065,14745,237336,3541053120,453338,0,0,16025,13645,0,0,08/19/2022 22:09:52,0,14940,124,14945,30,0,0,0,0,0,0,0,0,0,0,0,0,0,0,0,0,14920,20220819
20220819,CF301,,,14940,14835,14810,440545,14815,15065,14745,237339,3541097880,453338,0,0,16025,13645,0,0,08/19/2022 22:09:52,0,14940,112,14945,51,0,0,0,0,0,0,0,0,0,0,0,0,0,0,0,0,14920,20220819
20220819,CF301,,,14945,14835,14810,440545,14815,15065,14745,237350,3541262000,453344,0,0,16025,13645,0,0,08/19/2022 22:09:53,0,14940,103,14945,49,0,0,0,0,0,0,0,0,0,0,0,0,0,0,0,0,14920,20220819
20220819,CF301,,,14940,14835,14810,440545,14815,15065,14745,237351,3541276920,453344,0,0,16025,13645,0,0,08/19/2022 22:09:53,0,14940,102,14945,40,0,0,0,0,0,0,0,0,0,0,0,0,0,0,0,0,14920,20220819
20220819,CF301,,,14940,14835,14810,440545,14815,15065,14745,237351,3541276920,453344,0,0,16025,13645,0,0,08/19/2022 22:09:54,0,14940,107,14945,40,0,0,0,0,0,0,0,0,0,0,0,0,0,0,0,0,14920,20220819
20220819,CF301,,,14940,14835,14810,440545,14815,15065,14745,237351,3541276920,453344,0,0,16025,13645,0,0,08/19/2022 22:09:54,0,14940,108,14945,41,0,0,0,0,0,0,0,0,0,0,0,0,0,0,0,0,14920,20220819
20220819,CF301,,,14940,14835,14810,440545,14815,15065,14745,237357,3541366440,453340,0,0,16025,13645,0,0,08/19/2022 22:09:55,0,14940,103,14945,41,0,0,0,0,0,0,0,0,0,0,0,0,0,0,0,0,14920,20220819
20220819,CF301,,,14935,14835,14810,440545,14815,15065,14745,237494,3543410480,453403,0,0,16025,13645,0,0,08/19/2022 22:09:55,0,14935,152,14940,62,0,0,0,0,0,0,0,0,0,0,0,0,0,0,0,0,14920,20220819
20220819,CF301,,,14935,14835,14810,440545,14815,15065,14745,237505,3543574600,453399,0,0,16025,13645,0,0,08/19/2022 22:09:56,0,14935,158,14940,56,0,0,0,0,0,0,0,0,0,0,0,0,0,0,0,0,14920,20220819
20220819,CF301,,,14940,14835,14810,440545,14815,15065,14745,237519,3543783480,453406,0,0,16025,13645,0,0,08/19/2022 22:09:56,0,14935,159,14940,42,0,0,0,0,0,0,0,0,0,0,0,0,0,0,0,0,14920,20220819
20220819,CF301,,,14940,14835,14810,440545,14815,15065,14745,237528,3543917760,453404,0,0,16025,13645,0,0,08/19/2022 22:09:57,0,14935,159,14940,28,0,0,0,0,0,0,0,0,0,0,0,0,0,0,0,0,14920,20220819
20220819,CF301,,,14940,14835,14810,440545,14815,15065,14745,237537,3544052040,453408,0,0,16025,13645,0,0,08/19/2022 22:09:58,0,14935,163,14940,19,0,0,0,0,0,0,0,0,0,0,0,0,0,0,0,0,14920,20220819
20220819,CF301,,,14940,14835,14810,440545,14815,15065,14745,237561,3544410120,453408,0,0,16025,13645,0,0,08/19/2022 22:09:58,0,14940,47,14945,67,0,0,0,0,0,0,0,0,0,0,0,0,0,0,0,0,14920,20220819
20220819,CF301,,,14945,14835,14810,440545,14815,15065,14745,237573,3544589160,453412,0,0,16025,13645,0,0,08/19/2022 22:09:58,0,14940,57,14945,40,0,0,0,0,0,0,0,0,0,0,0,0,0,0,0,0,14920,20220819
20220819,CF301,,,14940,14835,14810,440545,14815,15065,14745,237631,3545454520,453418,0,0,16025,13645,0,0,08/19/2022 22:09:59,0,14940,8,14945,62,0,0,0,0,0,0,0,0,0,0,0,0,0,0,0,0,14920,20220819
20220819,CF301,,,14940,14835,14810,440545,14815,15065,14745,237678,3546155760,453375,0,0,16025,13645,0,0,08/19/2022 22:09:59,0,14935,143,14940,41,0,0,0,0,0,0,0,0,0,0,0,0,0,0,0,0,14920,20220819
20220819,CF301,,,14935,14835,14810,440545,14815,15065,14745,237681,3546200520,453377,0,0,16025,13645,0,0,08/19/2022 22:10:00,0,14935,146,14940,54,0,0,0,0,0,0,0,0,0,0,0,0,0,0,0,0,14920,20220819
20220819,CF301,,,14935,14835,14810,440545,14815,15065,14745,237684,3546245280,453378,0,0,16025,13645,0,0,08/19/2022 22:10:00,0,14935,145,14940,55,0,0,0,0,0,0,0,0,0,0,0,0,0,0,0,0,14920,20220819
20220819,CF301,,,14940,14835,14810,440545,14815,15065,14745,237686,3546275120,453380,0,0,16025,13645,0,0,08/19/2022 22:10:01,0,14935,147,14940,53,0,0,0,0,0,0,0,0,0,0,0,0,0,0,0,0,14920,20220819
20220819,CF301,,,14940,14835,14810,440545,14815,15065,14745,237690,3546334800,453382,0,0,16025,13645,0,0,08/19/2022 22:10:02,0,14935,148,14940,49,0,0,0,0,0,0,0,0,0,0,0,0,0,0,0,0,14920,20220819
20220819,CF301,,,14935,14835,14810,440545,14815,15065,14745,237702,3546513840,453385,0,0,16025,13645,0,0,08/19/2022 22:10:02,0,14935,145,14940,50,0,0,0,0,0,0,0,0,0,0,0,0,0,0,0,0,14920,20220819
20220819,CF301,,,14935,14835,14810,440545,14815,15065,14745,237702,3546513840,453385,0,0,16025,13645,0,0,08/19/2022 22:10:02,0,14935,150,14940,50,0,0,0,0,0,0,0,0,0,0,0,0,0,0,0,0,14920,20220819
20220819,CF301,,,14935,14835,14810,440545,14815,15065,14745,237703,3546528760,453384,0,0,16025,13645,0,0,08/19/2022 22:10:03,0,14935,151,14940,50,0,0,0,0,0,0,0,0,0,0,0,0,0,0,0,0,14920,20220819
20220819,CF301,,,14940,14835,14810,440545,14815,15065,14745,237776,3547617920,453390,0,0,16025,13645,0,0,08/19/2022 22:10:03,0,14940,32,14945,94,0,0,0,0,0,0,0,0,0,0,0,0,0,0,0,0,14920,20220819
20220819,CF301,,,14940,14835,14810,440545,14815,15065,14745,237777,3547632840,453389,0,0,16025,13645,0,0,08/19/2022 22:10:04,0,14940,74,14945,105,0,0,0,0,0,0,0,0,0,0,0,0,0,0,0,0,14920,20220819
20220819,CF301,,,14940,14835,14810,440545,14815,15065,14745,237778,3547647760,453388,0,0,16025,13645,0,0,08/19/2022 22:10:04,0,14940,82,14945,82,0,0,0,0,0,0,0,0,0,0,0,0,0,0,0,0,14920,20220819
20220819,CF301,,,14945,14835,14810,440545,14815,15065,14745,237781,3547692520,453387,0,0,16025,13645,0,0,08/19/2022 22:10:05,0,14940,80,14945,178,0,0,0,0,0,0,0,0,0,0,0,0,0,0,0,0,14920,20220819
20220819,CF301,,,14945,14835,14810,440545,14815,15065,14745,243880,3638689600,453207,0,0,16025,13645,0,0,08/19/2022 22:14:17,0,14940,95,14945,128,0,0,0,0,0,0,0,0,0,0,0,0,0,0,0,0,14920,20220819
20220819,CF301,,,14945,14835,14810,440545,14815,15065,14745,243892,3638868640,453208,0,0,16025,13645,0,0,08/19/2022 22:14:17,0,14940,92,14945,125,0,0,0,0,0,0,0,0,0,0,0,0,0,0,0,0,14920,20220819
20220819,CF301,,,14945,14835,14810,440545,14815,15065,14745,243892,3638868640,453208,0,0,16025,13645,0,0,08/19/2022 22:14:18,0,14940,92,14945,120,0,0,0,0,0,0,0,0,0,0,0,0,0,0,0,0,14920,20220819
20220819,CF301,,,14940,14835,14810,440545,14815,15065,14745,243893,3638883560,453207,0,0,16025,13645,0,0,08/19/2022 22:14:18,0,14940,93,14945,120,0,0,0,0,0,0,0,0,0,0,0,0,0,0,0,0,14920,20220819
20220819,CF301,,,14940,14835,14810,440545,14815,15065,14745,243895,3638913400,453207,0,0,16025,13645,0,0,08/19/2022 22:14:19,0,14940,93,14945,124,0,0,0,0,0,0,0,0,0,0,0,0,0,0,0,0,14920,20220819
20220819,CF301,,,14945,14835,14810,440545,14815,15065,14745,243896,3638928320,453207,0,0,16025,13645,0,0,08/19/2022 22:14:21,0,14940,95,14945,123,0,0,0,0,0,0,0,0,0,0,0,0,0,0,0,0,14920,20220819
20220819,CF301,,,14945,14835,14810,440545,14815,15065,14745,243899,3638973080,453207,0,0,16025,13645,0,0,08/19/2022 22:14:21,0,14940,88,14945,123,0,0,0,0,0,0,0,0,0,0,0,0,0,0,0,0,14920,20220819
20220819,CF301,,,14945,14835,14810,440545,14815,15065,14745,243899,3638973080,453207,0,0,16025,13645,0,0,08/19/2022 22:14:22,0,14940,90,14945,123,0,0,0,0,0,0,0,0,0,0,0,0,0,0,0,0,14920,20220819
20220819,CF301,,,14940,14835,14810,440545,14815,15065,14745,243940,3639584800,453193,0,0,16025,13645,0,0,08/19/2022 22:14:22,0,14940,75,14945,97,0,0,0,0,0,0,0,0,0,0,0,0,0,0,0,0,14920,20220819
20220819,CF301,,,14945,14835,14810,440545,14815,15065,14745,243941,3639599720,453193,0,0,16025,13645,0,0,08/19/2022 22:14:23,0,14940,74,14945,96,0,0,0,0,0,0,0,0,0,0,0,0,0,0,0,0,14920,20220819
20220819,CF301,,,14945,14835,14810,440545,14815,15065,14745,243947,3639689240,453193,0,0,16025,13645,0,0,08/19/2022 22:14:23,0,14940,71,14945,93,0,0,0,0,0,0,0,0,0,0,0,0,0,0,0,0,14920,20220819
20220819,CF301,,,14945,14835,14810,440545,14815,15065,14745,243948,3639704160,453193,0,0,16025,13645,0,0,08/19/2022 22:14:23,0,14940,72,14945,92,0,0,0,0,0,0,0,0,0,0,0,0,0,0,0,0,14920,20220819
20220819,CF301,,,14945,14835,14810,440545,14815,15065,14745,243950,3639734000,453194,0,0,16025,13645,0,0,08/19/2022 22:14:24,0,14940,72,14945,89,0,0,0,0,0,0,0,0,0,0,0,0,0,0,0,0,14920,20220819
20220819,CF301,,,14945,14835,14810,440545,14815,15065,14745,243951,3639748920,453194,0,0,16025,13645,0,0,08/19/2022 22:14:25,0,14940,72,14945,88,0,0,0,0,0,0,0,0,0,0,0,0,0,0,0,0,14920,20220819
20220819,CF301,,,14945,14835,14810,440545,14815,15065,14745,243953,3639778760,453194,0,0,16025,13645,0,0,08/19/2022 22:14:26,0,14940,72,14945,89,0,0,0,0,0,0,0,0,0,0,0,0,0,0,0,0,14920,20220819
20220819,CF301,,,14945,14835,14810,440545,14815,15065,14745,243955,3639808600,453196,0,0,16025,13645,0,0,08/19/2022 22:14:26,0,14940,71,14945,82,0,0,0,0,0,0,0,0,0,0,0,0,0,0,0,0,14920,20220819
20220819,CF301,,,14945,14835,14810,440545,14815,15065,14745,243956,3639823520,453197,0,0,16025,13645,0,0,08/19/2022 22:14:26,0,14940,70,14945,84,0,0,0,0,0,0,0,0,0,0,0,0,0,0,0,0,14920,20220819
20220819,CF301,,,14945,14835,14810,440545,14815,15065,14745,243958,3639853360,453197,0,0,16025,13645,0,0,08/19/2022 22:14:27,0,14940,70,14945,85,0,0,0,0,0,0,0,0,0,0,0,0,0,0,0,0,14920,20220819
20220819,CF301,,,14945,14835,14810,440545,14815,15065,14745,243962,3639913040,453199,0,0,16025,13645,0,0,08/19/2022 22:14:28,0,14940,70,14945,83,0,0,0,0,0,0,0,0,0,0,0,0,0,0,0,0,14920,20220819
20220819,CF301,,,14945,14835,14810,440545,14815,15065,14745,243963,3639927960,453200,0,0,16025,13645,0,0,08/19/2022 22:14:28,0,14940,79,14945,78,0,0,0,0,0,0,0,0,0,0,0,0,0,0,0,0,14920,20220819
20220819,CF301,,,14945,14835,14810,440545,14815,15065,14745,243983,3640226360,453201,0,0,16025,13645,0,0,08/19/2022 22:14:29,0,14940,59,14945,75,0,0,0,0,0,0,0,0,0,0,0,0,0,0,0,0,14920,20220819
20220819,CF301,,,14945,14835,14810,440545,14815,15065,14745,243983,3640226360,453201,0,0,16025,13645,0,0,08/19/2022 22:14:29,0,14940,70,14945,75,0,0,0,0,0,0,0,0,0,0,0,0,0,0,0,0,14920,20220819
20220819,CF301,,,14945,14835,14810,440545,14815,15065,14745,243987,3640286040,453205,0,0,16025,13645,0,0,08/19/2022 22:14:29,0,14940,71,14945,71,0,0,0,0,0,0,0,0,0,0,0,0,0,0,0,0,14920,20220819
20220819,CF301,,,14945,14835,14810,440545,14815,15065,14745,243994,3640390480,453208,0,0,16025,13645,0,0,08/19/2022 22:14:30,0,14940,70,14945,67,0,0,0,0,0,0,0,0,0,0,0,0,0,0,0,0,14920,20220819
20220819,CF301,,,14940,14835,14810,440545,14815,15065,14745,244017,3640733640,453212,0,0,16025,13645,0,0,08/19/2022 22:14:31,0,14940,47,14945,77,0,0,0,0,0,0,0,0,0,0,0,0,0,0,0,0,14920,20220819
20220819,CF301,,,14940,14835,14810,440545,14815,15065,14745,244069,3641509480,453187,0,0,16025,13645,0,0,08/19/2022 22:14:31,0,14935,191,14940,14,0,0,0,0,0,0,0,0,0,0,0,0,0,0,0,0,14920,20220819
20220819,CF301,,,14945,14835,14810,440545,14815,15065,14745,244100,3641972000,453188,0,0,16025,13645,0,0,08/19/2022 22:14:32,0,14940,10,14945,95,0,0,0,0,0,0,0,0,0,0,0,0,0,0,0,0,14920,20220819
20220819,CF301,,,14945,14835,14810,440545,14815,15065,14745,244101,3641986920,453189,0,0,16025,13645,0,0,08/19/2022 22:14:32,0,14940,44,14945,92,0,0,0,0,0,0,0,0,0,0,0,0,0,0,0,0,14920,20220819
20220819,CF301,,,14940,14835,14810,440545,14815,15065,14745,244104,3642031680,453189,0,0,16025,13645,0,0,08/19/2022 22:14:32,0,14940,43,14945,92,0,0,0,0,0,0,0,0,0,0,0,0,0,0,0,0,14920,20220819
20220819,CF301,,,14945,14835,14810,440545,14815,15065,14745,244106,3642061520,453190,0,0,16025,13645,0,0,08/19/2022 22:14:33,0,14940,44,14945,94,0,0,0,0,0,0,0,0,0,0,0,0,0,0,0,0,14920,20220819
20220819,CF301,,,14940,14835,14810,440545,14815,15065,14745,244118,3642240560,453185,0,0,16025,13645,0,0,08/19/2022 22:14:34,0,14940,39,14945,99,0,0,0,0,0,0,0,0,0,0,0,0,0,0,0,0,14920,20220819
20220819,CF301,,,14940,14835,14810,440545,14815,15065,14745,244123,3642315160,453185,0,0,16025,13645,0,0,08/19/2022 22:14:34,0,14940,36,14945,100,0,0,0,0,0,0,0,0,0,0,0,0,0,0,0,0,14920,20220819
20220819,CF301,,,14940,14835,14810,440545,14815,15065,14745,244124,3642330080,453184,0,0,16025,13645,0,0,08/19/2022 22:14:35,0,14940,35,14945,100,0,0,0,0,0,0,0,0,0,0,0,0,0,0,0,0,14920,20220819
20220819,CF301,,,14940,14835,14810,440545,14815,15065,14745,244124,3642330080,453184,0,0,16025,13645,0,0,08/19/2022 22:14:36,0,14940,38,14945,96,0,0,0,0,0,0,0,0,0,0,0,0,0,0,0,0,14920,20220819
20220819,CF301,,,14940,14835,14810,440545,14815,15065,14745,244125,3642345000,453184,0,0,16025,13645,0,0,08/19/2022 22:14:36,0,14940,40,14945,95,0,0,0,0,0,0,0,0,0,0,0,0,0,0,0,0,14920,20220819
20220819,CF301,,,14940,14835,14810,440545,14815,15065,14745,244125,3642345000,453184,0,0,16025,13645,0,0,08/19/2022 22:14:37,0,14940,45,14945,95,0,0,0,0,0,0,0,0,0,0,0,0,0,0,0,0,14920,20220819
20220819,CF301,,,14940,14835,14810,440545,14815,15065,14745,244142,3642598640,453182,0,0,16025,13645,0,0,08/19/2022 22:14:37,0,14940,28,14945,98,0,0,0,0,0,0,0,0,0,0,0,0,0,0,0,0,14920,20220819
20220819,CF301,,,14940,14835,14810,440545,14815,15065,14745,244142,3642598640,453182,0,0,16025,13645,0,0,08/19/2022 22:14:38,0,14940,34,14945,109,0,0,0,0,0,0,0,0,0,0,0,0,0,0,0,0,14920,20220819
20220819,CF301,,,14940,14835,14810,440545,14815,15065,14745,244142,3642598640,453182,0,0,16025,13645,0,0,08/19/2022 22:14:38,0,14940,34,14945,110,0,0,0,0,0,0,0,0,0,0,0,0,0,0,0,0,14920,20220819
20220819,CF301,,,14940,14835,14810,440545,14815,15065,14745,244147,3642673240,453182,0,0,16025,13645,0,0,08/19/2022 22:14:39,0,14940,36,14945,110,0,0,0,0,0,0,0,0,0,0,0,0,0,0,0,0,14920,20220819
20220819,CF301,,,14940,14835,14810,440545,14815,15065,14745,244148,3642688160,453181,0,0,16025,13645,0,0,08/19/2022 22:14:39,0,14940,38,14945,110,0,0,0,0,0,0,0,0,0,0,0,0,0,0,0,0,14920,20220819
20220819,CF301,,,14940,14835,14810,440545,14815,15065,14745,244148,3642688160,453181,0,0,16025,13645,0,0,08/19/2022 22:14:39,0,14940,38,14945,107,0,0,0,0,0,0,0,0,0,0,0,0,0,0,0,0,14920,20220819
20220819,CF301,,,14940,14835,14810,440545,14815,15065,14745,244150,3642718000,453183,0,0,16025,13645,0,0,08/19/2022 22:14:40,0,14940,36,14945,108,0,0,0,0,0,0,0,0,0,0,0,0,0,0,0,0,14920,20220819
20220819,CF301,,,14945,14835,14810,440545,14815,15065,14745,244156,3642807520,453178,0,0,16025,13645,0,0,08/19/2022 22:14:41,0,14940,34,14945,104,0,0,0,0,0,0,0,0,0,0,0,0,0,0,0,0,14920,20220819
20220819,CF301,,,14945,14835,14810,440545,14815,15065,14745,244156,3642807520,453178,0,0,16025,13645,0,0,08/19/2022 22:14:41,0,14940,35,14945,104,0,0,0,0,0,0,0,0,0,0,0,0,0,0,0,0,14920,20220819
20220819,CF301,,,14940,14835,14810,440545,14815,15065,14745,244161,3642882120,453173,0,0,16025,13645,0,0,08/19/2022 22:14:43,0,14940,30,14945,164,0,0,0,0,0,0,0,0,0,0,0,0,0,0,0,0,14920,20220819
20220819,CF301,,,14940,14835,14810,440545,14815,15065,14745,244193,3643359560,453175,0,0,16025,13645,0,0,08/19/2022 22:14:43,0,14935,114,14940,63,0,0,0,0,0,0,0,0,0,0,0,0,0,0,0,0,14920,20220819
20220819,CF301,,,14940,14835,14810,440545,14815,15065,14745,244193,3643359560,453175,0,0,16025,13645,0,0,08/19/2022 22:14:43,0,14935,90,14940,77,0,0,0,0,0,0,0,0,0,0,0,0,0,0,0,0,14920,20220819
20220819,CF301,,,14940,14835,14810,440545,14815,15065,14745,244213,3643657960,453187,0,0,16025,13645,0,0,08/19/2022 22:14:44,0,14935,91,14940,58,0,0,0,0,0,0,0,0,0,0,0,0,0,0,0,0,14920,20220819
20220819,CF301,,,14940,14835,14810,440545,14815,15065,14745,244272,3644538240,453207,0,0,16025,13645,0,0,08/19/2022 22:14:44,0,14940,33,14945,248,0,0,0,0,0,0,0,0,0,0,0,0,0,0,0,0,14920,20220819
20220819,CF301,,,14940,14835,14810,440545,14815,15065,14745,244272,3644538240,453207,0,0,16025,13645,0,0,08/19/2022 22:14:45,0,14940,49,14945,158,0,0,0,0,0,0,0,0,0,0,0,0,0,0,0,0,14920,20220819
20220819,CF301,,,14940,14835,14810,440545,14815,15065,14745,244272,3644538240,453207,0,0,16025,13645,0,0,08/19/2022 22:14:46,0,14940,52,14945,152,0,0,0,0,0,0,0,0,0,0,0,0,0,0,0,0,14920,20220819
20220819,CF301,,,14940,14835,14810,440545,14815,15065,14745,244278,3644627760,453206,0,0,16025,13645,0,0,08/19/2022 22:14:46,0,14940,47,14945,156,0,0,0,0,0,0,0,0,0,0,0,0,0,0,0,0,14920,20220819
20220819,CF301,,,14945,14835,14810,440545,14815,15065,14745,244279,3644642680,453205,0,0,16025,13645,0,0,08/19/2022 22:14:47,0,14940,49,14945,155,0,0,0,0,0,0,0,0,0,0,0,0,0,0,0,0,14920,20220819
20220819,CF301,,,14940,14835,14810,440545,14815,15065,14745,244280,3644657600,453204,0,0,16025,13645,0,0,08/19/2022 22:14:47,0,14940,49,14945,155,0,0,0,0,0,0,0,0,0,0,0,0,0,0,0,0,14920,20220819
20220819,CF301,,,14940,14835,14810,440545,14815,15065,14745,244282,3644687440,453203,0,0,16025,13645,0,0,08/19/2022 22:14:48,0,14940,49,14945,157,0,0,0,0,0,0,0,0,0,0,0,0,0,0,0,0,14920,20220819
20220819,CF301,,,14940,14835,14810,440545,14815,15065,14745,244283,3644702360,453203,0,0,16025,13645,0,0,08/19/2022 22:14:48,0,14940,50,14945,160,0,0,0,0,0,0,0,0,0,0,0,0,0,0,0,0,14920,20220819
20220819,CF301,,,14945,14835,14810,440545,14815,15065,14745,244284,3644717280,453203,0,0,16025,13645,0,0,08/19/2022 22:14:49,0,14940,51,14945,164,0,0,0,0,0,0,0,0,0,0,0,0,0,0,0,0,14920,20220819
20220819,CF301,,,14940,14835,14810,440545,14815,15065,14745,244288,3644776960,453202,0,0,16025,13645,0,0,08/19/2022 22:14:49,0,14940,48,14945,163,0,0,0,0,0,0,0,0,0,0,0,0,0,0,0,0,14920,20220819
20220819,CF301,,,14940,14835,14810,440545,14815,15065,14745,244288,3644776960,453202,0,0,16025,13645,0,0,08/19/2022 22:14:50,0,14940,50,14945,163,0,0,0,0,0,0,0,0,0,0,0,0,0,0,0,0,14920,20220819
20220819,CF301,,,14940,14835,14810,440545,14815,15065,14745,244288,3644776960,453202,0,0,16025,13645,0,0,08/19/2022 22:14:51,0,14940,51,14945,164,0,0,0,0,0,0,0,0,0,0,0,0,0,0,0,0,14920,20220819
20220819,CF301,,,14940,14835,14810,440545,14815,15065,14745,244288,3644776960,453202,0,0,16025,13645,0,0,08/19/2022 22:14:52,0,14940,51,14945,165,0,0,0,0,0,0,0,0,0,0,0,0,0,0,0,0,14920,20220819
20220819,CF301,,,14945,14835,14810,440545,14815,15065,14745,244297,3644911240,453204,0,0,16025,13645,0,0,08/19/2022 22:14:52,0,14940,51,14945,163,0,0,0,0,0,0,0,0,0,0,0,0,0,0,0,0,14920,20220819
20220819,CF301,,,14940,14835,14810,440545,14815,15065,14745,244307,3645060440,453194,0,0,16025,13645,0,0,08/19/2022 22:14:52,0,14940,44,14945,163,0,0,0,0,0,0,0,0,0,0,0,0,0,0,0,0,14920,20220819
20220819,CF301,,,14940,14835,14810,440545,14815,15065,14745,244309,3645090280,453193,0,0,16025,13645,0,0,08/19/2022 22:14:53,0,14940,37,14945,163,0,0,0,0,0,0,0,0,0,0,0,0,0,0,0,0,14920,20220819
20220819,CF301,,,14940,14835,14810,440545,14815,15065,14745,244309,3645090280,453193,0,0,16025,13645,0,0,08/19/2022 22:14:53,0,14940,38,14945,163,0,0,0,0,0,0,0,0,0,0,0,0,0,0,0,0,14920,20220819
20220819,CF301,,,14940,14835,14810,440545,14815,15065,14745,244309,3645090280,453193,0,0,16025,13645,0,0,08/19/2022 22:14:54,0,14940,40,14945,167,0,0,0,0,0,0,0,0,0,0,0,0,0,0,0,0,14920,20220819
20220819,CF301,,,14940,14835,14810,440545,14815,15065,14745,244310,3645105200,453193,0,0,16025,13645,0,0,08/19/2022 22:14:54,0,14940,39,14945,168,0,0,0,0,0,0,0,0,0,0,0,0,0,0,0,0,14920,20220819
20220819,CF301,,,14940,14835,14810,440545,14815,15065,14745,244349,3645687080,453192,0,0,16025,13645,0,0,08/19/2022 22:14:55,0,14935,96,14940,61,0,0,0,0,0,0,0,0,0,0,0,0,0,0,0,0,14920,20220819
20220819,CF301,,,14940,14835,14810,440545,14815,15065,14745,244350,3645702000,453192,0,0,16025,13645,0,0,08/19/2022 22:14:56,0,14935,95,14940,62,0,0,0,0,0,0,0,0,0,0,0,0,0,0,0,0,14920,20220819
20220819,CF301,,,14940,14835,14810,440545,14815,15065,14745,244355,3645776600,453190,0,0,16025,13645,0,0,08/19/2022 22:14:56,0,14935,95,14940,57,0,0,0,0,0,0,0,0,0,0,0,0,0,0,0,0,14920,20220819
20220819,CF301,,,14940,14835,14810,440545,14815,15065,14745,244357,3645806440,453190,0,0,16025,13645,0,0,08/19/2022 22:14:57,0,14935,95,14940,55,0,0,0,0,0,0,0,0,0,0,0,0,0,0,0,0,14920,20220819
20220819,CF301,,,14935,14835,14810,440545,14815,15065,14745,244358,3645821360,453189,0,0,16025,13645,0,0,08/19/2022 22:14:57,0,14935,94,14940,55,0,0,0,0,0,0,0,0,0,0,0,0,0,0,0,0,14920,20220819
20220819,CF301,,,14940,14835,14810,440545,14815,15065,14745,244359,3645836280,453189,0,0,16025,13645,0,0,08/19/2022 22:14:57,0,14935,95,14940,55,0,0,0,0,0,0,0,0,0,0,0,0,0,0,0,0,14920,20220819
20220819,CF301,,,14940,14835,14810,440545,14815,15065,14745,244359,3645836280,453189,0,0,16025,13645,0,0,08/19/2022 22:14:58,0,14935,97,14940,58,0,0,0,0,0,0,0,0,0,0,0,0,0,0,0,0,14920,20220819
20220819,CF301,,,14940,14835,14810,440545,14815,15065,14745,244362,3645881040,453189,0,0,16025,13645,0,0,08/19/2022 22:14:59,0,14935,96,14940,55,0,0,0,0,0,0,0,0,0,0,0,0,0,0,0,0,14920,20220819
20220819,CF301,,,14940,14835,14810,440545,14815,15065,14745,244362,3645881040,453189,0,0,16025,13645,0,0,08/19/2022 22:14:59,0,14935,96,14940,56,0,0,0,0,0,0,0,0,0,0,0,0,0,0,0,0,14920,20220819
20220819,CF301,,,14940,14835,14810,440545,14815,15065,14745,244362,3645881040,453189,0,0,16025,13645,0,0,08/19/2022 22:15:00,0,14935,106,14940,65,0,0,0,0,0,0,0,0,0,0,0,0,0,0,0,0,14920,20220819
20220819,CF301,,,14940,14835,14810,440545,14815,15065,14745,244362,3645881040,453189,0,0,16025,13645,0,0,08/19/2022 22:15:00,0,14935,107,14940,69,0,0,0,0,0,0,0,0,0,0,0,0,0,0,0,0,14920,20220819
20220819,CF301,,,14935,14835,14810,440545,14815,15065,14745,244364,3645910880,453187,0,0,16025,13645,0,0,08/19/2022 22:15:01,0,14935,106,14940,71,0,0,0,0,0,0,0,0,0,0,0,0,0,0,0,0,14920,20220819
20220819,CF301,,,14940,14835,14810,440545,14815,15065,14745,244366,3645940720,453186,0,0,16025,13645,0,0,08/19/2022 22:15:01,0,14935,106,14940,70,0,0,0,0,0,0,0,0,0,0,0,0,0,0,0,0,14920,20220819
20220819,CF301,,,14940,14835,14810,440545,14815,15065,14745,244366,3645940720,453186,0,0,16025,13645,0,0,08/19/2022 22:15:02,0,14935,114,14940,75,0,0,0,0,0,0,0,0,0,0,0,0,0,0,0,0,14920,20220819
20220819,CF301,,,14935,14835,14810,440545,14815,15065,14745,244367,3645955640,453186,0,0,16025,13645,0,0,08/19/2022 22:15:02,0,14935,115,14940,75,0,0,0,0,0,0,0,0,0,0,0,0,0,0,0,0,14920,20220819
20220819,CF301,,,14935,14835,14810,440545,14815,15065,14745,244368,3645970560,453185,0,0,16025,13645,0,0,08/19/2022 22:15:03,0,14935,116,14940,77,0,0,0,0,0,0,0,0,0,0,0,0,0,0,0,0,14920,20220819
20220819,CF301,,,14935,14835,14810,440545,14815,15065,14745,244387,3646254040,453176,0,0,16025,13645,0,0,08/19/2022 22:15:03,0,14935,111,14940,77,0,0,0,0,0,0,0,0,0,0,0,0,0,0,0,0,14920,20220819
20220819,CF301,,,14935,14835,14810,440545,14815,15065,14745,244391,3646313720,453172,0,0,16025,13645,0,0,08/19/2022 22:15:04,0,14935,107,14940,137,0,0,0,0,0,0,0,0,0,0,0,0,0,0,0,0,14920,20220819
20220819,CF301,,,14935,14835,14810,440545,14815,15065,14745,244490,3647790800,453185,0,0,16025,13645,0,0,08/19/2022 22:15:04,0,14930,156,14935,39,0,0,0,0,0,0,0,0,0,0,0,0,0,0,0,0,14920,20220819
20220819,CF301,,,14935,14835,14810,440545,14815,15065,14745,244495,3647865400,453185,0,0,16025,13645,0,0,08/19/2022 22:15:05,0,14930,113,14935,90,0,0,0,0,0,0,0,0,0,0,0,0,0,0,0,0,14920,20220819
20220819,CF301,,,14935,14835,14810,440545,14815,15065,14745,244495,3647865400,453185,0,0,16025,13645,0,0,08/19/2022 22:15:05,0,14930,116,14935,95,0,0,0,0,0,0,0,0,0,0,0,0,0,0,0,0,14920,20220819
20220819,CF301,,,14935,14835,14810,440545,14815,15065,14745,244495,3647865400,453185,0,0,16025,13645,0,0,08/19/2022 22:15:05,0,14930,116,14935,98,0,0,0,0,0,0,0,0,0,0,0,0,0,0,0,0,14920,20220819
20220819,CF301,,,14935,14835,14810,440545,14815,15065,14745,244498,3647910160,453182,0,0,16025,13645,0,0,08/19/2022 22:15:06,0,14930,118,14935,96,0,0,0,0,0,0,0,0,0,0,0,0,0,0,0,0,14920,20220819
20220819,CF301,,,14935,14835,14810,440545,14815,15065,14745,244499,3647925080,453182,0,0,16025,13645,0,0,08/19/2022 22:15:07,0,14930,118,14935,95,0,0,0,0,0,0,0,0,0,0,0,0,0,0,0,0,14920,20220819
20220819,CF301,,,14930,14835,14810,440545,14815,15065,14745,244511,3648104120,453187,0,0,16025,13645,0,0,08/19/2022 22:15:07,0,14930,117,14935,98,0,0,0,0,0,0,0,0,0,0,0,0,0,0,0,0,14920,20220819
20220819,CF301,,,14930,14835,14810,440545,14815,15065,14745,244526,3648327920,453184,0,0,16025,13645,0,0,08/19/2022 22:15:08,0,14930,106,14935,95,0,0,0,0,0,0,0,0,0,0,0,0,0,0,0,0,14920,20220819
20220819,CF301,,,14930,14835,14810,440545,14815,15065,14745,244530,3648387600,453180,0,0,16025,13645,0,0,08/19/2022 22:15:08,0,14930,103,14935,95,0,0,0,0,0,0,0,0,0,0,0,0,0,0,0,0,14920,20220819
20220819,CF301,,,14930,14835,14810,440545,14815,15065,14745,244530,3648387600,453180,0,0,16025,13645,0,0,08/19/2022 22:15:08,0,14930,104,14935,95,0,0,0,0,0,0,0,0,0,0,0,0,0,0,0,0,14920,20220819
20220819,CF301,,,14935,14835,14810,440545,14815,15065,14745,244531,3648402520,453181,0,0,16025,13645,0,0,08/19/2022 22:15:09,0,14930,104,14935,95,0,0,0,0,0,0,0,0,0,0,0,0,0,0,0,0,14920,20220819
20220819,CF301,,,14930,14835,14810,440545,14815,15065,14745,244639,3650013880,453116,0,0,16025,13645,0,0,08/19/2022 22:15:10,0,14925,180,14930,25,0,0,0,0,0,0,0,0,0,0,0,0,0,0,0,0,14920,20220819
20220819,CF301,,,14930,14835,14810,440545,14815,15065,14745,244667,3650431640,453126,0,0,16025,13645,0,0,08/19/2022 22:15:10,0,14930,87,14935,92,0,0,0,0,0,0,0,0,0,0,0,0,0,0,0,0,14920,20220819
20220819,CF301,,,14930,14835,14810,440545,14815,15065,14745,244670,3650476400,453125,0,0,16025,13645,0,0,08/19/2022 22:15:10,0,14930,88,14935,87,0,0,0,0,0,0,0,0,0,0,0,0,0,0,0,0,14920,20220819
20220819,CF301,,,14935,14835,14810,440545,14815,15065,14745,244762,3651849040,453151,0,0,16025,13645,0,0,08/19/2022 22:15:11,0,14935,49,14940,148,0,0,0,0,0,0,0,0,0,0,0,0,0,0,0,0,14920,20220819
20220819,CF301,,,14935,14835,14810,440545,14815,15065,14745,244773,3652013160,453144,0,0,16025,13645,0,0,08/19/2022 22:15:12,0,14935,79,14940,73,0,0,0,0,0,0,0,0,0,0,0,0,0,0,0,0,14920,20220819
20220819,CF301,,,14935,14835,14810,440545,14815,15065,14745,244773,3652013160,453144,0,0,16025,13645,0,0,08/19/2022 22:15:12,0,14935,79,14940,74,0,0,0,0,0,0,0,0,0,0,0,0,0,0,0,0,14920,20220819
20220819,CF301,,,14935,14835,14810,440545,14815,15065,14745,244776,3652057920,453142,0,0,16025,13645,0,0,08/19/2022 22:15:13,0,14935,76,14940,95,0,0,0,0,0,0,0,0,0,0,0,0,0,0,0,0,14920,20220819
20220819,CF301,,,14935,14835,14810,440545,14815,15065,14745,244778,3652087760,453144,0,0,16025,13645,0,0,08/19/2022 22:15:13,0,14935,71,14940,101,0,0,0,0,0,0,0,0,0,0,0,0,0,0,0,0,14920,20220819
20220819,CF301,,,14935,14835,14810,440545,14815,15065,14745,244779,3652102680,453144,0,0,16025,13645,0,0,08/19/2022 22:15:14,0,14935,70,14940,101,0,0,0,0,0,0,0,0,0,0,0,0,0,0,0,0,14920,20220819
20220819,CF301,,,14935,14835,14810,440545,14815,15065,14745,244779,3652102680,453144,0,0,16025,13645,0,0,08/19/2022 22:15:15,0,14935,72,14940,101,0,0,0,0,0,0,0,0,0,0,0,0,0,0,0,0,14920,20220819
20220819,CF301,,,14935,14835,14810,440545,14815,15065,14745,244786,3652207120,453142,0,0,16025,13645,0,0,08/19/2022 22:15:15,0,14935,65,14940,101,0,0,0,0,0,0,0,0,0,0,0,0,0,0,0,0,14920,20220819
20220819,CF301,,,14935,14835,14810,440545,14815,15065,14745,244790,3652266800,453142,0,0,16025,13645,0,0,08/19/2022 22:15:16,0,14935,61,14940,97,0,0,0,0,0,0,0,0,0,0,0,0,0,0,0,0,14920,20220819
20220819,CF301,,,14935,14835,14810,440545,14815,15065,14745,244821,3652729320,453130,0,0,16025,13645,0,0,08/19/2022 22:15:16,0,14935,31,14940,99,0,0,0,0,0,0,0,0,0,0,0,0,0,0,0,0,14920,20220819
20220819,CF301,,,14935,14835,14810,440545,14815,15065,14745,244856,3653251520,453105,0,0,16025,13645,0,0,08/19/2022 22:15:17,0,14935,16,14940,109,0,0,0,0,0,0,0,0,0,0,0,0,0,0,0,0,14920,20220819
20220819,CF301,,,14935,14835,14810,440545,14815,15065,14745,244857,3653266440,453104,0,0,16025,13645,0,0,08/19/2022 22:15:17,0,14935,28,14940,109,0,0,0,0,0,0,0,0,0,0,0,0,0,0,0,0,14920,20220819
20220819,CF301,,,14940,14835,14810,440545,14815,15065,14745,244859,3653296280,453102,0,0,16025,13645,0,0,08/19/2022 22:15:18,0,14935,34,14940,100,0,0,0,0,0,0,0,0,0,0,0,0,0,0,0,0,14920,20220819
20220819,CF301,,,14940,14835,14810,440545,14815,15065,14745,244859,3653296280,453102,0,0,16025,13645,0,0,08/19/2022 22:15:18,0,14935,36,14940,100,0,0,0,0,0,0,0,0,0,0,0,0,0,0,0,0,14920,20220819
20220819,CF301,,,14940,14835,14810,440545,14815,15065,14745,244865,3653385800,453102,0,0,16025,13645,0,0,08/19/2022 22:15:18,0,14935,37,14940,96,0,0,0,0,0,0,0,0,0,0,0,0,0,0,0,0,14920,20220819
20220819,CF301,,,14940,14835,14810,440545,14815,15065,14745,244865,3653385800,453102,0,0,16025,13645,0,0,08/19/2022 22:15:19,0,14935,39,14940,95,0,0,0,0,0,0,0,0,0,0,0,0,0,0,0,0,14920,20220819
20220819,CF301,,,14940,14835,14810,440545,14815,15065,14745,244867,3653415640,453102,0,0,16025,13645,0,0,08/19/2022 22:15:20,0,14935,40,14940,95,0,0,0,0,0,0,0,0,0,0,0,0,0,0,0,0,14920,20220819
20220819,CF301,,,14940,14835,14810,440545,14815,15065,14745,244869,3653445480,453101,0,0,16025,13645,0,0,08/19/2022 22:15:20,0,14935,39,14940,94,0,0,0,0,0,0,0,0,0,0,0,0,0,0,0,0,14920,20220819
20220819,CF301,,,14940,14835,14810,440545,14815,15065,14745,244876,3653549920,453095,0,0,16025,13645,0,0,08/19/2022 22:15:21,0,14935,36,14940,93,0,0,0,0,0,0,0,0,0,0,0,0,0,0,0,0,14920,20220819
20220819,CF301,,,14940,14835,14810,440545,14815,15065,14745,244973,3654997160,453124,0,0,16025,13645,0,0,08/19/2022 22:15:21,0,14940,49,14945,288,0,0,0,0,0,0,0,0,0,0,0,0,0,0,0,0,14920,20220819
20220819,CF301,,,14940,14835,14810,440545,14815,15065,14745,244975,3655027000,453124,0,0,16025,13645,0,0,08/19/2022 22:15:22,0,14940,58,14945,180,0,0,0,0,0,0,0,0,0,0,0,0,0,0,0,0,14920,20220819
20220819,CF301,,,14940,14835,14810,440545,14815,15065,14745,244981,3655116520,453124,0,0,16025,13645,0,0,08/19/2022 22:15:22,0,14940,55,14945,170,0,0,0,0,0,0,0,0,0,0,0,0,0,0,0,0,14920,20220819
20220819,CF301,,,14940,14835,14810,440545,14815,15065,14745,244981,3655116520,453124,0,0,16025,13645,0,0,08/19/2022 22:15:22,0,14940,54,14945,170,0,0,0,0,0,0,0,0,0,0,0,0,0,0,0,0,14920,20220819
20220819,CF301,,,14940,14835,14810,440545,14815,15065,14745,244985,3655176200,453124,0,0,16025,13645,0,0,08/19/2022 22:15:23,0,14940,47,14945,170,0,0,0,0,0,0,0,0,0,0,0,0,0,0,0,0,14920,20220819
20220819,CF301,,,14940,14835,14810,440545,14815,15065,14745,244988,3655220960,453124,0,0,16025,13645,0,0,08/19/2022 22:15:24,0,14940,45,14945,170,0,0,0,0,0,0,0,0,0,0,0,0,0,0,0,0,14920,20220819
20220819,CF301,,,14940,14835,14810,440545,14815,15065,14745,245004,3655459680,453138,0,0,16025,13645,0,0,08/19/2022 22:15:24,0,14940,31,14945,190,0,0,0,0,0,0,0,0,0,0,0,0,0,0,0,0,14920,20220819
20220819,CF301,,,14940,14835,14810,440545,14815,15065,14745,245008,3655519360,453138,0,0,16025,13645,0,0,08/19/2022 22:15:25,0,14940,39,14945,190,0,0,0,0,0,0,0,0,0,0,0,0,0,0,0,0,14920,20220819
20220819,CF301,,,14940,14835,14810,440545,14815,15065,14745,245010,3655549200,453138,0,0,16025,13645,0,0,08/19/2022 22:15:25,0,14940,39,14945,210,0,0,0,0,0,0,0,0,0,0,0,0,0,0,0,0,14920,20220819
20220819,CF301,,,14940,14835,14810,440545,14815,15065,14745,245010,3655549200,453138,0,0,16025,13645,0,0,08/19/2022 22:15:26,0,14940,40,14945,211,0,0,0,0,0,0,0,0,0,0,0,0,0,0,0,0,14920,20220819
20220819,CF301,,,14940,14835,14810,440545,14815,15065,14745,245013,3655593960,453138,0,0,16025,13645,0,0,08/19/2022 22:15:26,0,14940,40,14945,212,0,0,0,0,0,0,0,0,0,0,0,0,0,0,0,0,14920,20220819
20220819,CF301,,,14940,14835,14810,440545,14815,15065,14745,245053,3656190760,453161,0,0,16025,13645,0,0,08/19/2022 22:15:27,0,14935,35,14940,26,0,0,0,0,0,0,0,0,0,0,0,0,0,0,0,0,14920,20220819
20220819,CF301,,,14945,14835,14810,440545,14815,15065,14745,245096,3656832320,453161,0,0,16025,13645,0,0,08/19/2022 22:15:28,0,14935,38,14940,1,0,0,0,0,0,0,0,0,0,0,0,0,0,0,0,0,14920,20220819
20220819,CF301,,,14940,14835,14810,440545,14815,15065,14745,245106,3656981520,453159,0,0,16025,13645,0,0,08/19/2022 22:15:28,0,14940,32,14945,199,0,0,0,0,0,0,0,0,0,0,0,0,0,0,0,0,14920,20220819
20220819,CF301,,,14940,14835,14810,440545,14815,15065,14745,245109,3657026280,453159,0,0,16025,13645,0,0,08/19/2022 22:15:29,0,14940,25,14945,198,0,0,0,0,0,0,0,0,0,0,0,0,0,0,0,0,14920,20220819
20220819,CF301,,,14940,14835,14810,440545,14815,15065,14745,245110,3657041200,453159,0,0,16025,13645,0,0,08/19/2022 22:15:30,0,14940,30,14945,199,0,0,0,0,0,0,0,0,0,0,0,0,0,0,0,0,14920,20220819
20220819,CF301,,,14940,14835,14810,440545,14815,15065,14745,245119,3657175480,453168,0,0,16025,13645,0,0,08/19/2022 22:15:30,0,14940,74,14945,205,0,0,0,0,0,0,0,0,0,0,0,0,0,0,0,0,14920,20220819
20220819,CF301,,,14945,14835,14810,440545,14815,15065,14745,245120,3657190400,453168,0,0,16025,13645,0,0,08/19/2022 22:15:31,0,14940,74,14945,206,0,0,0,0,0,0,0,0,0,0,0,0,0,0,0,0,14920,20220819
20220819,CF301,,,14940,14835,14810,440545,14815,15065,14745,245176,3658025920,453125,0,0,16025,13645,0,0,08/19/2022 22:15:31,0,14940,18,14945,206,0,0,0,0,0,0,0,0,0,0,0,0,0,0,0,0,14920,20220819
20220819,CF301,,,14940,14835,14810,440545,14815,15065,14745,245193,3658279560,453109,0,0,16025,13645,0,0,08/19/2022 22:15:31,0,14935,67,14940,11,0,0,0,0,0,0,0,0,0,0,0,0,0,0,0,0,14920,20220819
20220819,CF301,,,14940,14835,14810,440545,14815,15065,14745,245207,3658488440,453107,0,0,16025,13645,0,0,08/19/2022 22:15:32,0,14940,23,14945,217,0,0,0,0,0,0,0,0,0,0,0,0,0,0,0,0,14920,20220819
20220819,CF301,,,14940,14835,14810,440545,14815,15065,14745,245207,3658488440,453107,0,0,16025,13645,0,0,08/19/2022 22:15:33,0,14940,3,14945,207,0,0,0,0,0,0,0,0,0,0,0,0,0,0,0,0,14920,20220819
20220819,CF301,,,14940,14835,14810,440545,14815,15065,14745,245216,3658622720,453100,0,0,16025,13645,0,0,08/19/2022 22:15:33,0,14935,67,14940,56,0,0,0,0,0,0,0,0,0,0,0,0,0,0,0,0,14920,20220819
20220819,CF301,,,14940,14835,14810,440545,14815,15065,14745,245216,3658622720,453100,0,0,16025,13645,0,0,08/19/2022 22:15:34,0,14935,55,14940,105,0,0,0,0,0,0,0,0,0,0,0,0,0,0,0,0,14920,20220819
20220819,CF301,,,14940,14835,14810,440545,14815,15065,14745,245216,3658622720,453100,0,0,16025,13645,0,0,08/19/2022 22:15:34,0,14935,55,14940,106,0,0,0,0,0,0,0,0,0,0,0,0,0,0,0,0,14920,20220819
20220819,CF301,,,14940,14835,14810,440545,14815,15065,14745,245216,3658622720,453100,0,0,16025,13645,0,0,08/19/2022 22:15:35,0,14935,51,14940,108,0,0,0,0,0,0,0,0,0,0,0,0,0,0,0,0,14920,20220819
20220819,CF301,,,14940,14835,14810,440545,14815,15065,14745,245217,3658637640,453100,0,0,16025,13645,0,0,08/19/2022 22:15:36,0,14935,56,14940,106,0,0,0,0,0,0,0,0,0,0,0,0,0,0,0,0,14920,20220819
20220819,CF301,,,14935,14835,14810,440545,14815,15065,14745,245253,3659174760,453119,0,0,16025,13645,0,0,08/19/2022 22:15:36,0,14930,213,14940,111,0,0,0,0,0,0,0,0,0,0,0,0,0,0,0,0,14920,20220819
20220819,CF301,,,14935,14835,14810,440545,14815,15065,14745,245258,3659249360,453118,0,0,16025,13645,0,0,08/19/2022 22:15:37,0,14930,164,14935,29,0,0,0,0,0,0,0,0,0,0,0,0,0,0,0,0,14920,20220819
20220819,CF301,,,14935,14835,14810,440545,14815,15065,14745,245259,3659264280,453118,0,0,16025,13645,0,0,08/19/2022 22:15:38,0,14930,152,14935,70,0,0,0,0,0,0,0,0,0,0,0,0,0,0,0,0,14920,20220819
20220819,CF301,,,14935,14835,14810,440545,14815,15065,14745,245259,3659264280,453118,0,0,16025,13645,0,0,08/19/2022 22:15:38,0,14930,147,14935,70,0,0,0,0,0,0,0,0,0,0,0,0,0,0,0,0,14920,20220819
20220819,CF301,,,14935,14835,14810,440545,14815,15065,14745,245261,3659294120,453118,0,0,16025,13645,0,0,08/19/2022 22:15:39,0,14930,146,14935,71,0,0,0,0,0,0,0,0,0,0,0,0,0,0,0,0,14920,20220819
20220819,CF301,,,14935,14835,14810,440545,14815,15065,14745,245261,3659294120,453118,0,0,16025,13645,0,0,08/19/2022 22:15:39,0,14930,146,14935,73,0,0,0,0,0,0,0,0,0,0,0,0,0,0,0,0,14920,20220819
20220819,CF301,,,14935,14835,14810,440545,14815,15065,14745,245266,3659368720,453118,0,0,16025,13645,0,0,08/19/2022 22:15:40,0,14930,146,14935,68,0,0,0,0,0,0,0,0,0,0,0,0,0,0,0,0,14920,20220819
20220819,CF301,,,14935,14835,14810,440545,14815,15065,14745,245266,3659368720,453118,0,0,16025,13645,0,0,08/19/2022 22:15:41,0,14930,148,14935,68,0,0,0,0,0,0,0,0,0,0,0,0,0,0,0,0,14920,20220819
20220819,CF301,,,14935,14835,14810,440545,14815,15065,14745,245266,3659368720,453118,0,0,16025,13645,0,0,08/19/2022 22:15:41,0,14930,154,14935,68,0,0,0,0,0,0,0,0,0,0,0,0,0,0,0,0,14920,20220819
20220819,CF301,,,14935,14835,14810,440545,14815,15065,14745,245272,3659458240,453113,0,0,16025,13645,0,0,08/19/2022 22:15:41,0,14930,154,14935,66,0,0,0,0,0,0,0,0,0,0,0,0,0,0,0,0,14920,20220819
20220819,CF301,,,14935,14835,14810,440545,14815,15065,14745,245272,3659458240,453113,0,0,16025,13645,0,0,08/19/2022 22:15:42,0,14930,154,14935,69,0,0,0,0,0,0,0,0,0,0,0,0,0,0,0,0,14920,20220819
20220819,CF301,,,14935,14835,14810,440545,14815,15065,14745,245272,3659458240,453113,0,0,16025,13645,0,0,08/19/2022 22:15:43,0,14930,154,14935,65,0,0,0,0,0,0,0,0,0,0,0,0,0,0,0,0,14920,20220819
20220819,CF301,,,14935,14835,14810,440545,14815,15065,14745,245272,3659458240,453113,0,0,16025,13645,0,0,08/19/2022 22:15:44,0,14930,155,14935,56,0,0,0,0,0,0,0,0,0,0,0,0,0,0,0,0,14920,20220819
20220819,CF301,,,14935,14835,14810,440545,14815,15065,14745,245329,3660308680,453156,0,0,16025,13645,0,0,08/19/2022 22:15:44,0,14935,68,14940,108,0,0,0,0,0,0,0,0,0,0,0,0,0,0,0,0,14920,20220819
20220819,CF301,,,14935,14835,14810,440545,14815,15065,14745,245329,3660308680,453156,0,0,16025,13645,0,0,08/19/2022 22:15:45,0,14935,76,14940,105,0,0,0,0,0,0,0,0,0,0,0,0,0,0,0,0,14920,20220819
20220819,CF301,,,14935,14835,14810,440545,14815,15065,14745,245331,3660338520,453156,0,0,16025,13645,0,0,08/19/2022 22:15:45,0,14935,74,14940,105,0,0,0,0,0,0,0,0,0,0,0,0,0,0,0,0,14920,20220819
20220819,CF301,,,14935,14835,14810,440545,14815,15065,14745,245331,3660338520,453156,0,0,16025,13645,0,0,08/19/2022 22:15:45,0,14935,74,14940,106,0,0,0,0,0,0,0,0,0,0,0,0,0,0,0,0,14920,20220819
20220819,CF301,,,14940,14835,14810,440545,14815,15065,14745,245334,3660383280,453154,0,0,16025,13645,0,0,08/19/2022 22:15:46,0,14935,74,14940,102,0,0,0,0,0,0,0,0,0,0,0,0,0,0,0,0,14920,20220819
20220819,CF301,,,14940,14835,14810,440545,14815,15065,14745,245334,3660383280,453154,0,0,16025,13645,0,0,08/19/2022 22:15:46,0,14935,68,14940,117,0,0,0,0,0,0,0,0,0,0,0,0,0,0,0,0,14920,20220819
20220819,CF301,,,14935,14835,14810,440545,14815,15065,14745,245351,3660636920,453171,0,0,16025,13645,0,0,08/19/2022 22:15:47,0,14935,18,14940,120,0,0,0,0,0,0,0,0,0,0,0,0,0,0,0,0,14920,20220819
20220819,CF301,,,14930,14835,14810,440545,14815,15065,14745,245364,3660830880,453171,0,0,16025,13645,0,0,08/19/2022 22:15:48,0,14930,157,14935,29,0,0,0,0,0,0,0,0,0,0,0,0,0,0,0,0,14920,20220819
20220819,CF301,,,14930,14835,14810,440545,14815,15065,14745,245387,3661174040,453155,0,0,16025,13645,0,0,08/19/2022 22:15:48,0,14930,140,14935,31,0,0,0,0,0,0,0,0,0,0,0,0,0,0,0,0,14920,20220819
20220819,CF301,,,14930,14835,14810,440545,14815,15065,14745,245388,3661188960,453155,0,0,16025,13645,0,0,08/19/2022 22:15:49,0,14930,144,14935,32,0,0,0,0,0,0,0,0,0,0,0,0,0,0,0,0,14920,20220819
20220819,CF301,,,14930,14835,14810,440545,14815,15065,14745,245389,3661203880,453154,0,0,16025,13645,0,0,08/19/2022 22:15:49,0,14930,144,14935,32,0,0,0,0,0,0,0,0,0,0,0,0,0,0,0,0,14920,20220819
20220819,CF301,,,14930,14835,14810,440545,14815,15065,14745,245390,3661218800,453153,0,0,16025,13645,0,0,08/19/2022 22:15:50,0,14930,143,14935,38,0,0,0,0,0,0,0,0,0,0,0,0,0,0,0,0,14920,20220819
20220819,CF301,,,14935,14835,14810,440545,14815,15065,14745,245396,3661308320,453152,0,0,16025,13645,0,0,08/19/2022 22:15:50,0,14930,134,14935,76,0,0,0,0,0,0,0,0,0,0,0,0,0,0,0,0,14920,20220819
20220819,CF301,,,14930,14835,14810,440545,14815,15065,14745,245398,3661338160,453152,0,0,16025,13645,0,0,08/19/2022 22:15:51,0,14930,132,14935,82,0,0,0,0,0,0,0,0,0,0,0,0,0,0,0,0,14920,20220819
20220819,CF301,,,14935,14835,14810,440545,14815,15065,14745,245400,3661368000,453152,0,0,16025,13645,0,0,08/19/2022 22:15:51,0,14930,132,14935,81,0,0,0,0,0,0,0,0,0,0,0,0,0,0,0,0,14920,20220819
20220819,CF301,,,14935,14835,14810,440545,14815,15065,14745,245400,3661368000,453152,0,0,16025,13645,0,0,08/19/2022 22:15:52,0,14930,135,14935,82,0,0,0,0,0,0,0,0,0,0,0,0,0,0,0,0,14920,20220819
20220819,CF301,,,14930,14835,14810,440545,14815,15065,14745,245402,3661397840,453154,0,0,16025,13645,0,0,08/19/2022 22:15:52,0,14930,135,14935,82,0,0,0,0,0,0,0,0,0,0,0,0,0,0,0,0,14920,20220819
20220819,CF301,,,14930,14835,14810,440545,14815,15065,14745,245402,3661397840,453154,0,0,16025,13645,0,0,08/19/2022 22:15:53,0,14930,136,14935,82,0,0,0,0,0,0,0,0,0,0,0,0,0,0,0,0,14920,20220819
20220819,CF301,,,14930,14835,14810,440545,14815,15065,14745,245404,3661427680,453154,0,0,16025,13645,0,0,08/19/2022 22:15:53,0,14930,135,14935,85,0,0,0,0,0,0,0,0,0,0,0,0,0,0,0,0,14920,20220819
20220819,CF301,,,14930,14835,14810,440545,14815,15065,14745,245406,3661457520,453155,0,0,16025,13645,0,0,08/19/2022 22:15:54,0,14930,133,14935,85,0,0,0,0,0,0,0,0,0,0,0,0,0,0,0,0,14920,20220819
20220819,CF301,,,14930,14835,14810,440545,14815,15065,14745,245409,3661502280,453158,0,0,16025,13645,0,0,08/19/2022 22:15:54,0,14930,136,14935,88,0,0,0,0,0,0,0,0,0,0,0,0,0,0,0,0,14920,20220819
20220819,CF301,,,14935,14835,14810,440545,14815,15065,14745,245411,3661532120,453156,0,0,16025,13645,0,0,08/19/2022 22:15:54,0,14930,136,14935,87,0,0,0,0,0,0,0,0,0,0,0,0,0,0,0,0,14920,20220819
20220819,CF301,,,14935,14835,14810,440545,14815,15065,14745,245418,3661636560,453157,0,0,16025,13645,0,0,08/19/2022 22:15:55,0,14930,131,14935,87,0,0,0,0,0,0,0,0,0,0,0,0,0,0,0,0,14920,20220819
20220819,CF301,,,14930,14835,14810,440545,14815,15065,14745,245424,3661726080,453158,0,0,16025,13645,0,0,08/19/2022 22:15:56,0,14930,126,14935,89,0,0,0,0,0,0,0,0,0,0,0,0,0,0,0,0,14920,20220819
20220819,CF301,,,14930,14835,14810,440545,14815,15065,14745,245424,3661726080,453158,0,0,16025,13645,0,0,08/19/2022 22:15:56,0,14930,128,14935,83,0,0,0,0,0,0,0,0,0,0,0,0,0,0,0,0,14920,20220819
20220819,CF301,,,14930,14835,14810,440545,14815,15065,14745,245424,3661726080,453158,0,0,16025,13645,0,0,08/19/2022 22:15:56,0,14930,129,14935,94,0,0,0,0,0,0,0,0,0,0,0,0,0,0,0,0,14920,20220819
20220819,CF301,,,14930,14835,14810,440545,14815,15065,14745,245424,3661726080,453158,0,0,16025,13645,0,0,08/19/2022 22:15:57,0,14930,129,14935,95,0,0,0,0,0,0,0,0,0,0,0,0,0,0,0,0,14920,20220819
20220819,CF301,,,14935,14835,14810,440545,14815,15065,14745,245434,3661875280,453148,0,0,16025,13645,0,0,08/19/2022 22:15:58,0,14930,130,14935,85,0,0,0,0,0,0,0,0,0,0,0,0,0,0,0,0,14920,20220819
