TradingDay,InstrumentID,ExchangeID,ExchangeInstID,LastPrice,PreSettlementPrice,PreClosePrice,PreOpenInterest,OpenPrice,HighestPrice,LowestPrice,Volume,Turnover,OpenInterest,ClosePrice,SettlementPrice,UpperLimitPrice,LowerLimitPrice,PreDelta,CurrDelta,UpdateTime,UpdateMillisec,BidPrice1,BidVolume1,AskPrice1,AskVolume1,BidPrice2,BidVolume2,AskPrice2,AskVolume2,BidPrice3,BidVolume3,AskPrice3,AskVolume3,BidPrice4,BidVolume4,AskPrice4,AskVolume4,BidPrice5,BidVolume5,AskPrice5,AskVolume5,AveragePrice,ActionDay
20220819,FG301,,,1459,1451,1440,924616,1445,1462,1442,186404,270658608,909562,0,0,1568,1334,0,0,08/19/2022 21:57:59,0,1459,329,1460,1049,0,0,0,0,0,0,0,0,0,0,0,0,0,0,0,0,1452,20220819
20220819,FG301,,,1459,1451,1440,924616,1445,1462,1442,186417,270677484,909549,0,0,1568,1334,0,0,08/19/2022 21:58:00,0,1459,334,1460,1046,0,0,0,0,0,0,0,0,0,0,0,0,0,0,0,0,1452,20220819
20220819,FG301,,,1459,1451,1440,924616,1445,1462,1442,186427,270692004,909550,0,0,1568,1334,0,0,08/19/2022 21:58:00,0,1459,346,1460,1056,0,0,0,0,0,0,0,0,0,0,0,0,0,0,0,0,1452,20220819
20220819,FG301,,,1460,1451,1440,924616,1445,1462,1442,186454,270731208,909545,0,0,1568,1334,0,0,08/19/2022 21:58:01,0,1459,324,1460,1062,0,0,0,0,0,0,0,0,0,0,0,0,0,0,0,0,1452,20220819
20220819,FG301,,,1459,1451,1440,924616,1445,1462,1442,186462,270742824,909543,0,0,1568,1334,0,0,08/19/2022 21:58:01,0,1459,282,1460,1105,0,0,0,0,0,0,0,0,0,0,0,0,0,0,0,0,1452,20220819
20220819,FG301,,,1459,1451,1440,924616,1445,1462,1442,186462,270742824,909543,0,0,1568,1334,0,0,08/19/2022 21:58:02,0,1459,312,1460,1106,0,0,0,0,0,0,0,0,0,0,0,0,0,0,0,0,1452,20220819
20220819,FG301,,,1459,1451,1440,924616,1445,1462,1442,186463,270744276,909544,0,0,1568,1334,0,0,08/19/2022 21:58:02,0,1459,298,1460,1107,0,0,0,0,0,0,0,0,0,0,0,0,0,0,0,0,1452,20220819
20220819,FG301,,,1459,1451,1440,924616,1445,1462,1442,186465,270747180,909543,0,0,1568,1334,0,0,08/19/2022 21:58:03,0,1459,297,1460,1119,0,0,0,0,0,0,0,0,0,0,0,0,0,0,0,0,1452,20220819
20220819,FG301,,,1459,1451,1440,924616,1445,1462,1442,186485,270776220,909548,0,0,1568,1334,0,0,08/19/2022 21:58:03,0,1459,323,1460,1109,0,0,0,0,0,0,0,0,0,0,0,0,0,0,0,0,1452,20220819
20220819,FG301,,,1459,1451,1440,924616,1445,1462,1442,186490,270783480,909546,0,0,1568,1334,0,0,08/19/2022 21:58:04,0,1459,319,1460,1162,0,0,0,0,0,0,0,0,0,0,0,0,0,0,0,0,1452,20220819
20220819,FG301,,,1459,1451,1440,924616,1445,1462,1442,186492,270786384,909544,0,0,1568,1334,0,0,08/19/2022 21:58:04,0,1459,318,1460,1163,0,0,0,0,0,0,0,0,0,0,0,0,0,0,0,0,1452,20220819
20220819,FG301,,,1459,1451,1440,924616,1445,1462,1442,186499,270796548,909542,0,0,1568,1334,0,0,08/19/2022 21:58:05,0,1459,311,1460,1163,0,0,0,0,0,0,0,0,0,0,0,0,0,0,0,0,1452,20220819
20220819,FG301,,,1459,1451,1440,924616,1445,1462,1442,186500,270798000,909541,0,0,1568,1334,0,0,08/19/2022 21:58:05,0,1459,316,1460,1171,0,0,0,0,0,0,0,0,0,0,0,0,0,0,0,0,1452,20220819
20220819,FG301,,,1459,1451,1440,924616,1445,1462,1442,186528,270838656,909527,0,0,1568,1334,0,0,08/19/2022 21:58:06,0,1459,291,1460,1184,0,0,0,0,0,0,0,0,0,0,0,0,0,0,0,0,1452,20220819
20220819,FG301,,,1459,1451,1440,924616,1445,1462,1442,187034,271573368,909155,0,0,1568,1334,0,0,08/19/2022 21:58:06,0,1459,409,1460,714,0,0,0,0,0,0,0,0,0,0,0,0,0,0,0,0,1452,20220819
20220819,FG301,,,1459,1451,1440,924616,1445,1462,1442,187045,271589340,909148,0,0,1568,1334,0,0,08/19/2022 21:58:07,0,1459,401,1460,702,0,0,0,0,0,0,0,0,0,0,0,0,0,0,0,0,1452,20220819
20220819,FG301,,,1459,1451,1440,924616,1445,1462,1442,187069,271624188,909152,0,0,1568,1334,0,0,08/19/2022 21:58:07,0,1459,386,1460,718,0,0,0,0,0,0,0,0,0,0,0,0,0,0,0,0,1452,20220819
20220819,FG301,,,1459,1451,1440,924616,1445,1462,1442,187074,271631448,909153,0,0,1568,1334,0,0,08/19/2022 21:58:08,0,1459,386,1460,725,0,0,0,0,0,0,0,0,0,0,0,0,0,0,0,0,1452,20220819
20220819,FG301,,,1459,1451,1440,924616,1445,1462,1442,187076,271634352,909155,0,0,1568,1334,0,0,08/19/2022 21:58:08,0,1459,396,1460,731,0,0,0,0,0,0,0,0,0,0,0,0,0,0,0,0,1452,20220819
20220819,FG301,,,1459,1451,1440,924616,1445,1462,1442,187132,271715664,909141,0,0,1568,1334,0,0,08/19/2022 21:58:09,0,1459,393,1460,679,0,0,0,0,0,0,0,0,0,0,0,0,0,0,0,0,1452,20220819
20220819,FG301,,,1460,1451,1440,924616,1445,1462,1442,187149,271740348,909152,0,0,1568,1334,0,0,08/19/2022 21:58:09,0,1459,377,1460,677,0,0,0,0,0,0,0,0,0,0,0,0,0,0,0,0,1452,20220819
20220819,FG301,,,1459,1451,1440,924616,1445,1462,1442,187154,271747608,909154,0,0,1568,1334,0,0,08/19/2022 21:58:10,0,1459,373,1460,684,0,0,0,0,0,0,0,0,0,0,0,0,0,0,0,0,1452,20220819
20220819,FG301,,,1459,1451,1440,924616,1445,1462,1442,187155,271749060,909154,0,0,1568,1334,0,0,08/19/2022 21:58:10,0,1459,377,1460,693,0,0,0,0,0,0,0,0,0,0,0,0,0,0,0,0,1452,20220819
20220819,FG301,,,1459,1451,1440,924616,1445,1462,1442,187156,271750512,909155,0,0,1568,1334,0,0,08/19/2022 21:58:11,0,1459,379,1460,693,0,0,0,0,0,0,0,0,0,0,0,0,0,0,0,0,1452,20220819
20220819,FG301,,,1460,1451,1440,924616,1445,1462,1442,187913,272849676,908757,0,0,1568,1334,0,0,08/19/2022 21:58:11,0,1459,379,1460,175,0,0,0,0,0,0,0,0,0,0,0,0,0,0,0,0,1452,20220819
20220819,FG301,,,1460,1451,1440,924616,1445,1462,1442,188111,273137172,908864,0,0,1568,1334,0,0,08/19/2022 21:58:12,0,1460,124,1461,835,0,0,0,0,0,0,0,0,0,0,0,0,0,0,0,0,1452,20220819
20220819,FG301,,,1460,1451,1440,924616,1445,1462,1442,188115,273142980,908867,0,0,1568,1334,0,0,08/19/2022 21:58:12,0,1460,304,1461,815,0,0,0,0,0,0,0,0,0,0,0,0,0,0,0,0,1452,20220819
20220819,FG301,,,1460,1451,1440,924616,1445,1462,1442,188232,273312864,908946,0,0,1568,1334,0,0,08/19/2022 21:58:13,0,1460,288,1461,712,0,0,0,0,0,0,0,0,0,0,0,0,0,0,0,0,1452,20220819
20220819,FG301,,,1461,1451,1440,924616,1445,1462,1442,188233,273314316,908946,0,0,1568,1334,0,0,08/19/2022 21:58:13,0,1460,384,1461,712,0,0,0,0,0,0,0,0,0,0,0,0,0,0,0,0,1452,20220819
20220819,FG301,,,1460,1451,1440,924616,1445,1462,1442,188276,273376752,908948,0,0,1568,1334,0,0,08/19/2022 21:58:14,0,1460,346,1461,717,0,0,0,0,0,0,0,0,0,0,0,0,0,0,0,0,1452,20220819
20220819,FG301,,,1460,1451,1440,924616,1445,1462,1442,188308,273423216,908952,0,0,1568,1334,0,0,08/19/2022 21:58:14,0,1460,339,1461,694,0,0,0,0,0,0,0,0,0,0,0,0,0,0,0,0,1452,20220819
20220819,FG301,,,1460,1451,1440,924616,1445,1462,1442,188319,273439188,908963,0,0,1568,1334,0,0,08/19/2022 21:58:15,0,1460,338,1461,689,0,0,0,0,0,0,0,0,0,0,0,0,0,0,0,0,1452,20220819
20220819,FG301,,,1461,1451,1440,924616,1445,1462,1442,188333,273459516,908966,0,0,1568,1334,0,0,08/19/2022 21:58:15,0,1460,338,1461,681,0,0,0,0,0,0,0,0,0,0,0,0,0,0,0,0,1452,20220819
20220819,FG301,,,1460,1451,1440,924616,1445,1462,1442,188344,273475488,908968,0,0,1568,1334,0,0,08/19/2022 21:58:16,0,1460,327,1461,682,0,0,0,0,0,0,0,0,0,0,0,0,0,0,0,0,1452,20220819
20220819,FG301,,,1460,1451,1440,924616,1445,1462,1442,188349,273482748,908970,0,0,1568,1334,0,0,08/19/2022 21:58:16,0,1460,327,1461,655,0,0,0,0,0,0,0,0,0,0,0,0,0,0,0,0,1452,20220819
20220819,FG301,,,1460,1451,1440,924616,1445,1462,1442,188352,273487104,908970,0,0,1568,1334,0,0,08/19/2022 21:58:17,0,1460,326,1461,668,0,0,0,0,0,0,0,0,0,0,0,0,0,0,0,0,1452,20220819
20220819,FG301,,,1460,1451,1440,924616,1445,1462,1442,188365,273505980,908978,0,0,1568,1334,0,0,08/19/2022 21:58:17,0,1460,328,1461,664,0,0,0,0,0,0,0,0,0,0,0,0,0,0,0,0,1452,20220819
20220819,FG301,,,1460,1451,1440,924616,1445,1462,1442,188368,273510336,908978,0,0,1568,1334,0,0,08/19/2022 21:58:18,0,1460,329,1461,684,0,0,0,0,0,0,0,0,0,0,0,0,0,0,0,0,1452,20220819
20220819,FG301,,,1461,1451,1440,924616,1445,1462,1442,188388,273539376,908990,0,0,1568,1334,0,0,08/19/2022 21:58:18,0,1460,385,1461,678,0,0,0,0,0,0,0,0,0,0,0,0,0,0,0,0,1452,20220819
20220819,FG301,,,1460,1451,1440,924616,1445,1462,1442,188407,273566964,908995,0,0,1568,1334,0,0,08/19/2022 21:58:19,0,1460,382,1461,668,0,0,0,0,0,0,0,0,0,0,0,0,0,0,0,0,1452,20220819
20220819,FG301,,,1460,1451,1440,924616,1445,1462,1442,188420,273585840,908995,0,0,1568,1334,0,0,08/19/2022 21:58:19,0,1460,369,1461,665,0,0,0,0,0,0,0,0,0,0,0,0,0,0,0,0,1452,20220819
20220819,FG301,,,1461,1451,1440,924616,1445,1462,1442,188756,274073712,909144,0,0,1568,1334,0,0,08/19/2022 21:58:20,0,1460,367,1461,335,0,0,0,0,0,0,0,0,0,0,0,0,0,0,0,0,1452,20220819
20220819,FG301,,,1461,1451,1440,924616,1445,1462,1442,189093,274563036,909196,0,0,1568,1334,0,0,08/19/2022 21:58:20,0,1461,115,1462,1063,0,0,0,0,0,0,0,0,0,0,0,0,0,0,0,0,1452,20220819
20220819,FG301,,,1461,1451,1440,924616,1445,1462,1442,189130,274616760,909174,0,0,1568,1334,0,0,08/19/2022 21:58:21,0,1461,351,1462,1063,0,0,0,0,0,0,0,0,0,0,0,0,0,0,0,0,1452,20220819
20220819,FG301,,,1462,1451,1440,924616,1445,1462,1442,189135,274624020,909173,0,0,1568,1334,0,0,08/19/2022 21:58:21,0,1461,354,1462,1114,0,0,0,0,0,0,0,0,0,0,0,0,0,0,0,0,1452,20220819
20220819,FG301,,,1461,1451,1440,924616,1445,1462,1442,189159,274658868,909163,0,0,1568,1334,0,0,08/19/2022 21:58:22,0,1461,301,1462,1103,0,0,0,0,0,0,0,0,0,0,0,0,0,0,0,0,1452,20220819
20220819,FG301,,,1461,1451,1440,924616,1445,1462,1442,189693,275434236,909029,0,0,1568,1334,0,0,08/19/2022 21:58:22,0,1461,345,1462,585,0,0,0,0,0,0,0,0,0,0,0,0,0,0,0,0,1452,20220819
20220819,FG301,,,1461,1451,1440,924616,1445,1462,1442,189712,275461824,909037,0,0,1568,1334,0,0,08/19/2022 21:58:23,0,1461,328,1462,590,0,0,0,0,0,0,0,0,0,0,0,0,0,0,0,0,1452,20220819
20220819,FG301,,,1462,1451,1440,924616,1445,1462,1442,189720,275473440,909039,0,0,1568,1334,0,0,08/19/2022 21:58:23,0,1461,313,1462,599,0,0,0,0,0,0,0,0,0,0,0,0,0,0,0,0,1452,20220819
20220819,FG301,,,1461,1451,1440,924616,1445,1462,1442,189740,275502480,909039,0,0,1568,1334,0,0,08/19/2022 21:58:24,0,1461,294,1462,623,0,0,0,0,0,0,0,0,0,0,0,0,0,0,0,0,1452,20220819
20220819,FG301,,,1461,1451,1440,924616,1445,1462,1442,189751,275518452,909042,0,0,1568,1334,0,0,08/19/2022 21:58:24,0,1461,288,1462,638,0,0,0,0,0,0,0,0,0,0,0,0,0,0,0,0,1452,20220819
20220819,FG301,,,1461,1451,1440,924616,1445,1462,1442,189764,275537328,909044,0,0,1568,1334,0,0,08/19/2022 21:58:25,0,1461,304,1462,637,0,0,0,0,0,0,0,0,0,0,0,0,0,0,0,0,1452,20220819
20220819,FG301,,,1462,1451,1440,924616,1445,1462,1442,189779,275559108,909054,0,0,1568,1334,0,0,08/19/2022 21:58:25,0,1461,297,1462,624,0,0,0,0,0,0,0,0,0,0,0,0,0,0,0,0,1452,20220819
20220819,FG301,,,1461,1451,1440,924616,1445,1462,1442,189819,275617188,909089,0,0,1568,1334,0,0,08/19/2022 21:58:26,0,1461,275,1462,615,0,0,0,0,0,0,0,0,0,0,0,0,0,0,0,0,1452,20220819
20220819,FG301,,,1462,1451,1440,924616,1445,1462,1442,189835,275640420,909105,0,0,1568,1334,0,0,08/19/2022 21:58:26,0,1461,227,1462,632,0,0,0,0,0,0,0,0,0,0,0,0,0,0,0,0,1452,20220819
20220819,FG301,,,1461,1451,1440,924616,1445,1462,1442,189863,275681076,909119,0,0,1568,1334,0,0,08/19/2022 21:58:27,0,1461,251,1462,615,0,0,0,0,0,0,0,0,0,0,0,0,0,0,0,0,1452,20220819
20220819,FG301,,,1461,1451,1440,924616,1445,1462,1442,189867,275686884,909121,0,0,1568,1334,0,0,08/19/2022 21:58:27,0,1461,251,1462,615,0,0,0,0,0,0,0,0,0,0,0,0,0,0,0,0,1452,20220819
20220819,FG301,,,1461,1451,1440,924616,1445,1462,1442,189893,275724636,909121,0,0,1568,1334,0,0,08/19/2022 21:58:28,0,1461,256,1462,605,0,0,0,0,0,0,0,0,0,0,0,0,0,0,0,0,1452,20220819
20220819,FG301,,,1462,1451,1440,924616,1445,1462,1442,190000,275880000,909080,0,0,1568,1334,0,0,08/19/2022 21:58:28,0,1461,281,1462,504,0,0,0,0,0,0,0,0,0,0,0,0,0,0,0,0,1452,20220819
20220819,FG301,,,1462,1451,1440,924616,1445,1462,1442,190512,276623424,908898,0,0,1568,1334,0,0,08/19/2022 21:58:29,0,1462,103,1463,786,0,0,0,0,0,0,0,0,0,0,0,0,0,0,0,0,1452,20220819
20220819,FG301,,,1462,1451,1440,924616,1445,1463,1442,190553,276682956,908932,0,0,1568,1334,0,0,08/19/2022 21:58:29,0,1462,170,1463,784,0,0,0,0,0,0,0,0,0,0,0,0,0,0,0,0,1452,20220819
20220819,FG301,,,1463,1451,1440,924616,1445,1463,1442,190607,276761364,908917,0,0,1568,1334,0,0,08/19/2022 21:58:30,0,1462,140,1463,803,0,0,0,0,0,0,0,0,0,0,0,0,0,0,0,0,1452,20220819
20220819,FG301,,,1461,1451,1440,924616,1445,1463,1442,190919,277214388,908878,0,0,1568,1334,0,0,08/19/2022 21:58:30,0,1461,298,1462,164,0,0,0,0,0,0,0,0,0,0,0,0,0,0,0,0,1452,20220819
20220819,FG301,,,1462,1451,1440,924616,1445,1463,1442,190990,277317480,908873,0,0,1568,1334,0,0,08/19/2022 21:58:31,0,1461,302,1462,218,0,0,0,0,0,0,0,0,0,0,0,0,0,0,0,0,1452,20220819
20220819,FG301,,,1462,1451,1440,924616,1445,1463,1442,191046,277398792,908848,0,0,1568,1334,0,0,08/19/2022 21:58:31,0,1461,294,1462,298,0,0,0,0,0,0,0,0,0,0,0,0,0,0,0,0,1452,20220819
20220819,FG301,,,1462,1451,1440,924616,1445,1463,1442,191061,277420572,908863,0,0,1568,1334,0,0,08/19/2022 21:58:32,0,1461,387,1462,315,0,0,0,0,0,0,0,0,0,0,0,0,0,0,0,0,1452,20220819
20220819,FG301,,,1462,1451,1440,924616,1445,1463,1442,191063,277423476,908862,0,0,1568,1334,0,0,08/19/2022 21:58:32,0,1461,402,1462,327,0,0,0,0,0,0,0,0,0,0,0,0,0,0,0,0,1452,20220819
20220819,FG301,,,1462,1451,1440,924616,1445,1463,1442,191067,277429284,908863,0,0,1568,1334,0,0,08/19/2022 21:58:33,0,1461,423,1462,337,0,0,0,0,0,0,0,0,0,0,0,0,0,0,0,0,1452,20220819
20220819,FG301,,,1462,1451,1440,924616,1445,1463,1442,191078,277445256,908866,0,0,1568,1334,0,0,08/19/2022 21:58:33,0,1461,431,1462,363,0,0,0,0,0,0,0,0,0,0,0,0,0,0,0,0,1452,20220819
20220819,FG301,,,1462,1451,1440,924616,1445,1463,1442,191104,277483008,908865,0,0,1568,1334,0,0,08/19/2022 21:58:34,0,1461,417,1462,388,0,0,0,0,0,0,0,0,0,0,0,0,0,0,0,0,1452,20220819
20220819,FG301,,,1462,1451,1440,924616,1445,1463,1442,191136,277529472,908886,0,0,1568,1334,0,0,08/19/2022 21:58:34,0,1461,417,1462,394,0,0,0,0,0,0,0,0,0,0,0,0,0,0,0,0,1452,20220819
20220819,FG301,,,1462,1451,1440,924616,1445,1463,1442,191542,278118984,908847,0,0,1568,1334,0,0,08/19/2022 21:58:35,0,1462,228,1463,766,0,0,0,0,0,0,0,0,0,0,0,0,0,0,0,0,1452,20220819
20220819,FG301,,,1462,1451,1440,924616,1445,1463,1442,191549,278129148,908841,0,0,1568,1334,0,0,08/19/2022 21:58:35,0,1462,326,1463,766,0,0,0,0,0,0,0,0,0,0,0,0,0,0,0,0,1452,20220819
20220819,FG301,,,1463,1451,1440,924616,1445,1463,1442,191581,278175612,908835,0,0,1568,1334,0,0,08/19/2022 21:58:36,0,1462,335,1463,732,0,0,0,0,0,0,0,0,0,0,0,0,0,0,0,0,1452,20220819
20220819,FG301,,,1462,1451,1440,924616,1445,1463,1442,191592,278191584,908834,0,0,1568,1334,0,0,08/19/2022 21:58:36,0,1462,328,1463,756,0,0,0,0,0,0,0,0,0,0,0,0,0,0,0,0,1452,20220819
20220819,FG301,,,1462,1451,1440,924616,1445,1463,1442,191613,278222076,908825,0,0,1568,1334,0,0,08/19/2022 21:58:37,0,1462,318,1463,768,0,0,0,0,0,0,0,0,0,0,0,0,0,0,0,0,1452,20220819
20220819,FG301,,,1462,1451,1440,924616,1445,1463,1442,191631,278248212,908818,0,0,1568,1334,0,0,08/19/2022 21:58:37,0,1462,326,1463,770,0,0,0,0,0,0,0,0,0,0,0,0,0,0,0,0,1452,20220819
20220819,FG301,,,1463,1451,1440,924616,1445,1463,1442,191660,278290320,908801,0,0,1568,1334,0,0,08/19/2022 21:58:38,0,1462,323,1463,764,0,0,0,0,0,0,0,0,0,0,0,0,0,0,0,0,1452,20220819
20220819,FG301,,,1463,1451,1440,924616,1445,1463,1442,191679,278317908,908789,0,0,1568,1334,0,0,08/19/2022 21:58:38,0,1462,349,1463,767,0,0,0,0,0,0,0,0,0,0,0,0,0,0,0,0,1452,20220819
20220819,FG301,,,1463,1451,1440,924616,1445,1463,1442,191736,278400672,908784,0,0,1568,1334,0,0,08/19/2022 21:58:39,0,1462,293,1463,774,0,0,0,0,0,0,0,0,0,0,0,0,0,0,0,0,1452,20220819
20220819,FG301,,,1463,1451,1440,924616,1445,1463,1442,192309,279232668,908597,0,0,1568,1334,0,0,08/19/2022 21:58:39,0,1462,362,1463,224,0,0,0,0,0,0,0,0,0,0,0,0,0,0,0,0,1452,20220819
20220819,FG301,,,1462,1451,1440,924616,1445,1463,1442,192314,279239928,908597,0,0,1568,1334,0,0,08/19/2022 21:58:40,0,1462,385,1463,230,0,0,0,0,0,0,0,0,0,0,0,0,0,0,0,0,1452,20220819
20220819,FG301,,,1462,1451,1440,924616,1445,1463,1442,192329,279261708,908599,0,0,1568,1334,0,0,08/19/2022 21:58:40,0,1462,421,1463,259,0,0,0,0,0,0,0,0,0,0,0,0,0,0,0,0,1452,20220819
20220819,FG301,,,1462,1451,1440,924616,1445,1463,1442,192358,279303816,908583,0,0,1568,1334,0,0,08/19/2022 21:58:41,0,1462,400,1463,282,0,0,0,0,0,0,0,0,0,0,0,0,0,0,0,0,1452,20220819
20220819,FG301,,,1462,1451,1440,924616,1445,1463,1442,192370,279321240,908581,0,0,1568,1334,0,0,08/19/2022 21:58:41,0,1462,396,1463,313,0,0,0,0,0,0,0,0,0,0,0,0,0,0,0,0,1452,20220819
20220819,FG301,,,1462,1451,1440,924616,1445,1463,1442,192441,279424332,908552,0,0,1568,1334,0,0,08/19/2022 21:58:42,0,1462,387,1463,284,0,0,0,0,0,0,0,0,0,0,0,0,0,0,0,0,1452,20220819
20220819,FG301,,,1463,1451,1440,924616,1445,1463,1442,192452,279440304,908549,0,0,1568,1334,0,0,08/19/2022 21:58:42,0,1462,386,1463,288,0,0,0,0,0,0,0,0,0,0,0,0,0,0,0,0,1452,20220819
20220819,FG301,,,1463,1451,1440,924616,1445,1463,1442,192509,279523068,908597,0,0,1568,1334,0,0,08/19/2022 21:58:43,0,1462,389,1463,261,0,0,0,0,0,0,0,0,0,0,0,0,0,0,0,0,1452,20220819
20220819,FG301,,,1462,1451,1440,924616,1445,1463,1442,192516,279533232,908602,0,0,1568,1334,0,0,08/19/2022 21:58:43,0,1462,388,1463,310,0,0,0,0,0,0,0,0,0,0,0,0,0,0,0,0,1452,20220819
20220819,FG301,,,1463,1451,1440,924616,1445,1463,1442,192875,280054500,908438,0,0,1568,1334,0,0,08/19/2022 21:58:44,0,1463,711,1464,872,0,0,0,0,0,0,0,0,0,0,0,0,0,0,0,0,1452,20220819
20220819,FG301,,,1464,1451,1440,924616,1445,1464,1442,192908,280102416,908412,0,0,1568,1334,0,0,08/19/2022 21:58:44,0,1463,742,1464,879,0,0,0,0,0,0,0,0,0,0,0,0,0,0,0,0,1452,20220819
20220819,FG301,,,1463,1451,1440,924616,1445,1464,1442,193194,280517688,908293,0,0,1568,1334,0,0,08/19/2022 21:58:45,0,1463,687,1464,694,0,0,0,0,0,0,0,0,0,0,0,0,0,0,0,0,1452,20220819
20220819,FG301,,,1464,1451,1440,924616,1445,1464,1442,193245,280591740,908245,0,0,1568,1334,0,0,08/19/2022 21:58:45,0,1463,690,1464,655,0,0,0,0,0,0,0,0,0,0,0,0,0,0,0,0,1452,20220819
20220819,FG301,,,1463,1451,1440,924616,1445,1464,1442,193280,280642560,908227,0,0,1568,1334,0,0,08/19/2022 21:58:46,0,1463,687,1464,643,0,0,0,0,0,0,0,0,0,0,0,0,0,0,0,0,1452,20220819
20220819,FG301,,,1463,1451,1440,924616,1445,1464,1442,193293,280661436,908220,0,0,1568,1334,0,0,08/19/2022 21:58:46,0,1463,691,1464,642,0,0,0,0,0,0,0,0,0,0,0,0,0,0,0,0,1452,20220819
20220819,FG301,,,1463,1451,1440,924616,1445,1464,1442,193447,280885044,908143,0,0,1568,1334,0,0,08/19/2022 21:58:47,0,1463,625,1464,553,0,0,0,0,0,0,0,0,0,0,0,0,0,0,0,0,1452,20220819
20220819,FG301,,,1464,1451,1440,924616,1445,1464,1442,193501,280963452,908132,0,0,1568,1334,0,0,08/19/2022 21:58:47,0,1463,598,1464,551,0,0,0,0,0,0,0,0,0,0,0,0,0,0,0,0,1452,20220819
20220819,FG301,,,1464,1451,1440,924616,1445,1464,1442,193541,281021532,908123,0,0,1568,1334,0,0,08/19/2022 21:58:48,0,1463,577,1464,549,0,0,0,0,0,0,0,0,0,0,0,0,0,0,0,0,1452,20220819
20220819,FG301,,,1464,1451,1440,924616,1445,1464,1442,193586,281086872,908113,0,0,1568,1334,0,0,08/19/2022 21:58:48,0,1463,572,1464,546,0,0,0,0,0,0,0,0,0,0,0,0,0,0,0,0,1452,20220819
20220819,FG301,,,1463,1451,1440,924616,1445,1464,1442,193612,281124624,908109,0,0,1568,1334,0,0,08/19/2022 21:58:49,0,1463,562,1464,543,0,0,0,0,0,0,0,0,0,0,0,0,0,0,0,0,1452,20220819
20220819,FG301,,,1463,1451,1440,924616,1445,1464,1442,193644,281171088,908084,0,0,1568,1334,0,0,08/19/2022 21:58:49,0,1463,545,1464,551,0,0,0,0,0,0,0,0,0,0,0,0,0,0,0,0,1452,20220819
20220819,FG301,,,1464,1451,1440,924616,1445,1464,1442,193719,281279988,908083,0,0,1568,1334,0,0,08/19/2022 21:58:50,0,1463,491,1464,558,0,0,0,0,0,0,0,0,0,0,0,0,0,0,0,0,1452,20220819
20220819,FG301,,,1463,1451,1440,924616,1445,1464,1442,194257,282061164,907914,0,0,1568,1334,0,0,08/19/2022 21:58:50,0,1462,444,1463,566,0,0,0,0,0,0,0,0,0,0,0,0,0,0,0,0,1452,20220819
20220819,FG301,,,1463,1451,1440,924616,1445,1464,1442,194268,282077136,907918,0,0,1568,1334,0,0,08/19/2022 21:58:51,0,1462,441,1463,607,0,0,0,0,0,0,0,0,0,0,0,0,0,0,0,0,1452,20220819
20220819,FG301,,,1463,1451,1440,924616,1445,1464,1442,194282,282097464,907910,0,0,1568,1334,0,0,08/19/2022 21:58:51,0,1462,375,1463,808,0,0,0,0,0,0,0,0,0,0,0,0,0,0,0,0,1452,20220819
20220819,FG301,,,1463,1451,1440,924616,1445,1464,1442,194394,282260088,907924,0,0,1568,1334,0,0,08/19/2022 21:58:52,0,1462,245,1463,834,0,0,0,0,0,0,0,0,0,0,0,0,0,0,0,0,1452,20220819
20220819,FG301,,,1462,1451,1440,924616,1445,1464,1442,194427,282308004,907945,0,0,1568,1334,0,0,08/19/2022 21:58:52,0,1462,243,1463,834,0,0,0,0,0,0,0,0,0,0,0,0,0,0,0,0,1452,20220819
20220819,FG301,,,1463,1451,1440,924616,1445,1464,1442,194479,282383508,907953,0,0,1568,1334,0,0,08/19/2022 21:58:53,0,1462,214,1463,821,0,0,0,0,0,0,0,0,0,0,0,0,0,0,0,0,1452,20220819
20220819,FG301,,,1462,1451,1440,924616,1445,1464,1442,194752,282779904,908013,0,0,1568,1334,0,0,08/19/2022 21:58:53,0,1461,504,1462,233,0,0,0,0,0,0,0,0,0,0,0,0,0,0,0,0,1452,20220819
20220819,FG301,,,1462,1451,1440,924616,1445,1464,1442,194781,282822012,908030,0,0,1568,1334,0,0,08/19/2022 21:58:54,0,1461,520,1462,372,0,0,0,0,0,0,0,0,0,0,0,0,0,0,0,0,1452,20220819
20220819,FG301,,,1462,1451,1440,924616,1445,1464,1442,194793,282839436,908041,0,0,1568,1334,0,0,08/19/2022 21:58:54,0,1461,479,1462,422,0,0,0,0,0,0,0,0,0,0,0,0,0,0,0,0,1452,20220819
20220819,FG301,,,1462,1451,1440,924616,1445,1464,1442,194796,282843792,908044,0,0,1568,1334,0,0,08/19/2022 21:58:55,0,1461,468,1462,453,0,0,0,0,0,0,0,0,0,0,0,0,0,0,0,0,1452,20220819
20220819,FG301,,,1462,1451,1440,924616,1445,1464,1442,194851,282923652,908069,0,0,1568,1334,0,0,08/19/2022 21:58:55,0,1461,459,1462,436,0,0,0,0,0,0,0,0,0,0,0,0,0,0,0,0,1452,20220819
20220819,FG301,,,1462,1451,1440,924616,1445,1464,1442,194919,283022388,908133,0,0,1568,1334,0,0,08/19/2022 21:58:56,0,1461,452,1462,375,0,0,0,0,0,0,0,0,0,0,0,0,0,0,0,0,1452,20220819
20220819,FG301,,,1462,1451,1440,924616,1445,1464,1442,194925,283031100,908135,0,0,1568,1334,0,0,08/19/2022 21:58:56,0,1461,463,1462,372,0,0,0,0,0,0,0,0,0,0,0,0,0,0,0,0,1452,20220819
20220819,FG301,,,1461,1451,1440,924616,1445,1464,1442,194937,283048524,908139,0,0,1568,1334,0,0,08/19/2022 21:58:57,0,1461,467,1462,366,0,0,0,0,0,0,0,0,0,0,0,0,0,0,0,0,1452,20220819
20220819,FG301,,,1461,1451,1440,924616,1445,1464,1442,194939,283051428,908139,0,0,1568,1334,0,0,08/19/2022 21:58:57,0,1461,477,1462,382,0,0,0,0,0,0,0,0,0,0,0,0,0,0,0,0,1452,20220819
20220819,FG301,,,1462,1451,1440,924616,1445,1464,1442,194955,283074660,908155,0,0,1568,1334,0,0,08/19/2022 21:58:58,0,1461,477,1462,406,0,0,0,0,0,0,0,0,0,0,0,0,0,0,0,0,1452,20220819
20220819,FG301,,,1462,1451,1440,924616,1445,1464,1442,194972,283099344,908165,0,0,1568,1334,0,0,08/19/2022 21:58:58,0,1461,461,1462,428,0,0,0,0,0,0,0,0,0,0,0,0,0,0,0,0,1452,20220819
20220819,FG301,,,1461,1451,1440,924616,1445,1464,1442,195026,283177752,908166,0,0,1568,1334,0,0,08/19/2022 21:58:59,0,1461,460,1462,379,0,0,0,0,0,0,0,0,0,0,0,0,0,0,0,0,1452,20220819
20220819,FG301,,,1462,1451,1440,924616,1445,1464,1442,195042,283200984,908169,0,0,1568,1334,0,0,08/19/2022 21:58:59,0,1461,483,1462,378,0,0,0,0,0,0,0,0,0,0,0,0,0,0,0,0,1452,20220819
20220819,FG301,,,1462,1451,1440,924616,1445,1464,1442,195057,283222764,908178,0,0,1568,1334,0,0,08/19/2022 21:59:00,0,1461,482,1462,426,0,0,0,0,0,0,0,0,0,0,0,0,0,0,0,0,1452,20220819
20220819,FG301,,,1462,1451,1440,924616,1445,1464,1442,195071,283243092,908191,0,0,1568,1334,0,0,08/19/2022 21:59:00,0,1461,511,1462,441,0,0,0,0,0,0,0,0,0,0,0,0,0,0,0,0,1452,20220819
20220819,FG301,,,1462,1451,1440,924616,1445,1464,1442,195134,283334568,908190,0,0,1568,1334,0,0,08/19/2022 21:59:01,0,1461,484,1462,452,0,0,0,0,0,0,0,0,0,0,0,0,0,0,0,0,1452,20220819
20220819,FG301,,,1462,1451,1440,924616,1445,1464,1442,195606,284019912,908011,0,0,1568,1334,0,0,08/19/2022 21:59:01,0,1462,536,1463,840,0,0,0,0,0,0,0,0,0,0,0,0,0,0,0,0,1452,20220819
20220819,FG301,,,1462,1451,1440,924616,1445,1464,1442,195620,284040240,908002,0,0,1568,1334,0,0,08/19/2022 21:59:02,0,1462,552,1463,763,0,0,0,0,0,0,0,0,0,0,0,0,0,0,0,0,1452,20220819
20220819,FG301,,,1463,1451,1440,924616,1445,1464,1442,195625,284047500,907999,0,0,1568,1334,0,0,08/19/2022 21:59:02,0,1462,605,1463,822,0,0,0,0,0,0,0,0,0,0,0,0,0,0,0,0,1452,20220819
20220819,FG301,,,1462,1451,1440,924616,1445,1464,1442,195641,284070732,907998,0,0,1568,1334,0,0,08/19/2022 21:59:03,0,1462,624,1463,815,0,0,0,0,0,0,0,0,0,0,0,0,0,0,0,0,1452,20220819
20220819,FG301,,,1463,1451,1440,924616,1445,1464,1442,195643,284073636,907998,0,0,1568,1334,0,0,08/19/2022 21:59:03,0,1462,633,1463,816,0,0,0,0,0,0,0,0,0,0,0,0,0,0,0,0,1452,20220819
20220819,FG301,,,1463,1451,1440,924616,1445,1464,1442,195665,284105580,907998,0,0,1568,1334,0,0,08/19/2022 21:59:04,0,1462,613,1463,814,0,0,0,0,0,0,0,0,0,0,0,0,0,0,0,0,1452,20220819
20220819,FG301,,,1462,1451,1440,924616,1445,1464,1442,195671,284114292,907993,0,0,1568,1334,0,0,08/19/2022 21:59:04,0,1462,610,1463,817,0,0,0,0,0,0,0,0,0,0,0,0,0,0,0,0,1452,20220819
20220819,FG301,,,1462,1451,1440,924616,1445,1464,1442,195676,284121552,907992,0,0,1568,1334,0,0,08/19/2022 21:59:05,0,1462,630,1463,831,0,0,0,0,0,0,0,0,0,0,0,0,0,0,0,0,1452,20220819
20220819,FG301,,,1463,1451,1440,924616,1445,1464,1442,195680,284127360,907991,0,0,1568,1334,0,0,08/19/2022 21:59:05,0,1462,628,1463,829,0,0,0,0,0,0,0,0,0,0,0,0,0,0,0,0,1452,20220819
20220819,FG301,,,1463,1451,1440,924616,1445,1464,1442,195728,284197056,907959,0,0,1568,1334,0,0,08/19/2022 21:59:06,0,1462,597,1463,815,0,0,0,0,0,0,0,0,0,0,0,0,0,0,0,0,1452,20220819
20220819,FG301,,,1462,1451,1440,924616,1445,1464,1442,195748,284226096,907950,0,0,1568,1334,0,0,08/19/2022 21:59:06,0,1462,589,1463,816,0,0,0,0,0,0,0,0,0,0,0,0,0,0,0,0,1452,20220819
20220819,FG301,,,1462,1451,1440,924616,1445,1464,1442,195757,284239164,907947,0,0,1568,1334,0,0,08/19/2022 21:59:07,0,1462,586,1463,831,0,0,0,0,0,0,0,0,0,0,0,0,0,0,0,0,1452,20220819
20220819,FG301,,,1462,1451,1440,924616,1445,1464,1442,195761,284244972,907944,0,0,1568,1334,0,0,08/19/2022 21:59:07,0,1462,592,1463,837,0,0,0,0,0,0,0,0,0,0,0,0,0,0,0,0,1452,20220819
20220819,FG301,,,1463,1451,1440,924616,1445,1464,1442,195766,284252232,907943,0,0,1568,1334,0,0,08/19/2022 21:59:08,0,1462,590,1463,840,0,0,0,0,0,0,0,0,0,0,0,0,0,0,0,0,1452,20220819
20220819,FG301,,,1463,1451,1440,924616,1445,1464,1442,196696,285602592,907456,0,0,1568,1334,0,0,08/19/2022 21:59:08,0,1463,211,1464,722,0,0,0,0,0,0,0,0,0,0,0,0,0,0,0,0,1452,20220819
20220819,FG301,,,1463,1451,1440,924616,1445,1464,1442,196711,285624372,907455,0,0,1568,1334,0,0,08/19/2022 21:59:09,0,1463,263,1464,728,0,0,0,0,0,0,0,0,0,0,0,0,0,0,0,0,1452,20220819
20220819,FG301,,,1463,1451,1440,924616,1445,1464,1442,196718,285634536,907449,0,0,1568,1334,0,0,08/19/2022 21:59:09,0,1463,377,1464,728,0,0,0,0,0,0,0,0,0,0,0,0,0,0,0,0,1452,20220819
20220819,FG301,,,1463,1451,1440,924616,1445,1464,1442,196746,285675192,907443,0,0,1568,1334,0,0,08/19/2022 21:59:10,0,1463,368,1464,722,0,0,0,0,0,0,0,0,0,0,0,0,0,0,0,0,1452,20220819
20220819,FG301,,,1463,1451,1440,924616,1445,1464,1442,196760,285695520,907436,0,0,1568,1334,0,0,08/19/2022 21:59:10,0,1463,365,1464,719,0,0,0,0,0,0,0,0,0,0,0,0,0,0,0,0,1452,20220819
20220819,FG301,,,1463,1451,1440,924616,1445,1464,1442,196775,285717300,907434,0,0,1568,1334,0,0,08/19/2022 21:59:11,0,1463,364,1464,715,0,0,0,0,0,0,0,0,0,0,0,0,0,0,0,0,1452,20220819
20220819,FG301,,,1464,1451,1440,924616,1445,1464,1442,196808,285765216,907431,0,0,1568,1334,0,0,08/19/2022 21:59:11,0,1463,340,1464,767,0,0,0,0,0,0,0,0,0,0,0,0,0,0,0,0,1452,20220819
20220819,FG301,,,1463,1451,1440,924616,1445,1464,1442,196904,285904608,907406,0,0,1568,1334,0,0,08/19/2022 21:59:12,0,1463,305,1464,716,0,0,0,0,0,0,0,0,0,0,0,0,0,0,0,0,1452,20220819
20220819,FG301,,,1463,1451,1440,924616,1445,1464,1442,196921,285929292,907400,0,0,1568,1334,0,0,08/19/2022 21:59:12,0,1463,294,1464,721,0,0,0,0,0,0,0,0,0,0,0,0,0,0,0,0,1452,20220819
20220819,FG301,,,1464,1451,1440,924616,1445,1464,1442,196953,285975756,907400,0,0,1568,1334,0,0,08/19/2022 21:59:13,0,1463,272,1464,718,0,0,0,0,0,0,0,0,0,0,0,0,0,0,0,0,1452,20220819
20220819,FG301,,,1463,1451,1440,924616,1445,1464,1442,197008,286055616,907425,0,0,1568,1334,0,0,08/19/2022 21:59:13,0,1463,213,1464,711,0,0,0,0,0,0,0,0,0,0,0,0,0,0,0,0,1452,20220819
20220819,FG301,,,1464,1451,1440,924616,1445,1464,1442,197759,287146068,907041,0,0,1568,1334,0,0,08/19/2022 21:59:14,0,1464,413,1465,1213,0,0,0,0,0,0,0,0,0,0,0,0,0,0,0,0,1452,20220819
20220819,FG301,,,1464,1451,1440,924616,1445,1465,1442,197793,287195436,907030,0,0,1568,1334,0,0,08/19/2022 21:59:14,0,1464,435,1465,1199,0,0,0,0,0,0,0,0,0,0,0,0,0,0,0,0,1452,20220819
20220819,FG301,,,1464,1451,1440,924616,1445,1465,1442,197810,287220120,907026,0,0,1568,1334,0,0,08/19/2022 21:59:15,0,1464,422,1465,1183,0,0,0,0,0,0,0,0,0,0,0,0,0,0,0,0,1452,20220819
20220819,FG301,,,1465,1451,1440,924616,1445,1465,1442,198170,287742840,906791,0,0,1568,1334,0,0,08/19/2022 21:59:15,0,1464,279,1465,990,0,0,0,0,0,0,0,0,0,0,0,0,0,0,0,0,1452,20220819
20220819,FG301,,,1464,1451,1440,924616,1445,1465,1442,198543,288284436,906595,0,0,1568,1334,0,0,08/19/2022 21:59:16,0,1464,212,1465,780,0,0,0,0,0,0,0,0,0,0,0,0,0,0,0,0,1452,20220819
20220819,FG301,,,1464,1451,1440,924616,1445,1465,1442,198592,288355584,906602,0,0,1568,1334,0,0,08/19/2022 21:59:16,0,1464,178,1465,795,0,0,0,0,0,0,0,0,0,0,0,0,0,0,0,0,1452,20220819
20220819,FG301,,,1464,1451,1440,924616,1445,1465,1442,198629,288409308,906615,0,0,1568,1334,0,0,08/19/2022 21:59:17,0,1464,164,1465,786,0,0,0,0,0,0,0,0,0,0,0,0,0,0,0,0,1452,20220819
20220819,FG301,,,1464,1451,1440,924616,1445,1465,1442,198646,288433992,906621,0,0,1568,1334,0,0,08/19/2022 21:59:17,0,1464,183,1465,820,0,0,0,0,0,0,0,0,0,0,0,0,0,0,0,0,1452,20220819
20220819,FG301,,,1464,1451,1440,924616,1445,1465,1442,198862,288747624,906533,0,0,1568,1334,0,0,08/19/2022 21:59:18,0,1464,229,1465,661,0,0,0,0,0,0,0,0,0,0,0,0,0,0,0,0,1452,20220819
20220819,FG301,,,1465,1451,1440,924616,1445,1465,1442,198897,288798444,906509,0,0,1568,1334,0,0,08/19/2022 21:59:18,0,1464,208,1465,654,0,0,0,0,0,0,0,0,0,0,0,0,0,0,0,0,1452,20220819
20220819,FG301,,,1464,1451,1440,924616,1445,1465,1442,198975,288911700,906516,0,0,1568,1334,0,0,08/19/2022 21:59:19,0,1464,200,1465,597,0,0,0,0,0,0,0,0,0,0,0,0,0,0,0,0,1452,20220819
20220819,FG301,,,1465,1451,1440,924616,1445,1465,1442,198985,288926220,906520,0,0,1568,1334,0,0,08/19/2022 21:59:19,0,1464,181,1465,624,0,0,0,0,0,0,0,0,0,0,0,0,0,0,0,0,1452,20220819
20220819,FG301,,,1465,1451,1440,924616,1445,1465,1442,199007,288958164,906532,0,0,1568,1334,0,0,08/19/2022 21:59:20,0,1464,228,1465,624,0,0,0,0,0,0,0,0,0,0,0,0,0,0,0,0,1452,20220819
20220819,FG301,,,1464,1451,1440,924616,1445,1465,1442,199025,288984300,906538,0,0,1568,1334,0,0,08/19/2022 21:59:20,0,1464,195,1465,629,0,0,0,0,0,0,0,0,0,0,0,0,0,0,0,0,1452,20220819
20220819,FG301,,,1465,1451,1440,924616,1445,1465,1442,199076,289058352,906534,0,0,1568,1334,0,0,08/19/2022 21:59:21,0,1464,257,1465,588,0,0,0,0,0,0,0,0,0,0,0,0,0,0,0,0,1452,20220819
20220819,FG301,,,1465,1451,1440,924616,1445,1465,1442,199098,289090296,906528,0,0,1568,1334,0,0,08/19/2022 21:59:21,0,1464,264,1465,631,0,0,0,0,0,0,0,0,0,0,0,0,0,0,0,0,1452,20220819
20220819,FG301,,,1464,1451,1440,924616,1445,1465,1442,199533,289721916,906299,0,0,1568,1334,0,0,08/19/2022 21:59:22,0,1464,303,1465,323,0,0,0,0,0,0,0,0,0,0,0,0,0,0,0,0,1452,20220819
20220819,FG301,,,1465,1451,1440,924616,1445,1465,1442,199551,289748052,906306,0,0,1568,1334,0,0,08/19/2022 21:59:22,0,1464,276,1465,353,0,0,0,0,0,0,0,0,0,0,0,0,0,0,0,0,1452,20220819
20220819,FG301,,,1464,1451,1440,924616,1445,1465,1442,199649,289890348,906311,0,0,1568,1334,0,0,08/19/2022 21:59:23,0,1464,282,1465,390,0,0,0,0,0,0,0,0,0,0,0,0,0,0,0,0,1452,20220819
20220819,FG301,,,1465,1451,1440,924616,1445,1465,1442,199683,289939716,906309,0,0,1568,1334,0,0,08/19/2022 21:59:23,0,1464,257,1465,411,0,0,0,0,0,0,0,0,0,0,0,0,0,0,0,0,1452,20220819
20220819,FG301,,,1464,1451,1440,924616,1445,1465,1442,199748,290034096,906265,0,0,1568,1334,0,0,08/19/2022 21:59:24,0,1464,265,1465,381,0,0,0,0,0,0,0,0,0,0,0,0,0,0,0,0,1452,20220819
20220819,FG301,,,1464,1451,1440,924616,1445,1465,1442,199807,290119764,906301,0,0,1568,1334,0,0,08/19/2022 21:59:24,0,1464,214,1465,398,0,0,0,0,0,0,0,0,0,0,0,0,0,0,0,0,1452,20220819
20220819,FG301,,,1464,1451,1440,924616,1445,1465,1442,199826,290147352,906310,0,0,1568,1334,0,0,08/19/2022 21:59:25,0,1464,231,1465,444,0,0,0,0,0,0,0,0,0,0,0,0,0,0,0,0,1452,20220819
20220819,FG301,,,1465,1451,1440,924616,1445,1465,1442,199909,290267868,906344,0,0,1568,1334,0,0,08/19/2022 21:59:25,0,1464,176,1465,423,0,0,0,0,0,0,0,0,0,0,0,0,0,0,0,0,1452,20220819
20220819,FG301,,,1464,1451,1440,924616,1445,1465,1442,200202,290693304,906302,0,0,1568,1334,0,0,08/19/2022 21:59:26,0,1463,338,1464,28,0,0,0,0,0,0,0,0,0,0,0,0,0,0,0,0,1452,20220819
20220819,FG301,,,1464,1451,1440,924616,1445,1465,1442,200209,290703468,906301,0,0,1568,1334,0,0,08/19/2022 21:59:26,0,1463,334,1464,325,0,0,0,0,0,0,0,0,0,0,0,0,0,0,0,0,1452,20220819
20220819,FG301,,,1463,1451,1440,924616,1445,1465,1442,200262,290780424,906304,0,0,1568,1334,0,0,08/19/2022 21:59:27,0,1463,330,1464,336,0,0,0,0,0,0,0,0,0,0,0,0,0,0,0,0,1452,20220819
20220819,FG301,,,1464,1451,1440,924616,1445,1465,1442,200271,290793492,906310,0,0,1568,1334,0,0,08/19/2022 21:59:27,0,1463,369,1464,362,0,0,0,0,0,0,0,0,0,0,0,0,0,0,0,0,1452,20220819
20220819,FG301,,,1463,1451,1440,924616,1445,1465,1442,200284,290812368,906309,0,0,1568,1334,0,0,08/19/2022 21:59:28,0,1463,352,1464,380,0,0,0,0,0,0,0,0,0,0,0,0,0,0,0,0,1452,20220819
20220819,FG301,,,1464,1451,1440,924616,1445,1465,1442,200295,290828340,906313,0,0,1568,1334,0,0,08/19/2022 21:59:28,0,1463,360,1464,380,0,0,0,0,0,0,0,0,0,0,0,0,0,0,0,0,1452,20220819
20220819,FG301,,,1464,1451,1440,924616,1445,1465,1442,200305,290842860,906319,0,0,1568,1334,0,0,08/19/2022 21:59:29,0,1463,362,1464,379,0,0,0,0,0,0,0,0,0,0,0,0,0,0,0,0,1452,20220819
20220819,FG301,,,1463,1451,1440,924616,1445,1465,1442,200314,290855928,906322,0,0,1568,1334,0,0,08/19/2022 21:59:29,0,1463,361,1464,386,0,0,0,0,0,0,0,0,0,0,0,0,0,0,0,0,1452,20220819
20220819,FG301,,,1463,1451,1440,924616,1445,1465,1442,200329,290877708,906312,0,0,1568,1334,0,0,08/19/2022 21:59:30,0,1463,382,1464,402,0,0,0,0,0,0,0,0,0,0,0,0,0,0,0,0,1452,20220819
20220819,FG301,,,1464,1451,1440,924616,1445,1465,1442,200402,290983704,906277,0,0,1568,1334,0,0,08/19/2022 21:59:30,0,1463,372,1464,346,0,0,0,0,0,0,0,0,0,0,0,0,0,0,0,0,1452,20220819
20220819,FG301,,,1463,1451,1440,924616,1445,1465,1442,200412,290998224,906277,0,0,1568,1334,0,0,08/19/2022 21:59:31,0,1463,406,1464,396,0,0,0,0,0,0,0,0,0,0,0,0,0,0,0,0,1452,20220819
20220819,FG301,,,1463,1451,1440,924616,1445,1465,1442,200421,291011292,906278,0,0,1568,1334,0,0,08/19/2022 21:59:31,0,1463,415,1464,413,0,0,0,0,0,0,0,0,0,0,0,0,0,0,0,0,1452,20220819
20220819,FG301,,,1463,1451,1440,924616,1445,1465,1442,200442,291041784,906281,0,0,1568,1334,0,0,08/19/2022 21:59:32,0,1463,411,1464,340,0,0,0,0,0,0,0,0,0,0,0,0,0,0,0,0,1452,20220819
20220819,FG301,,,1464,1451,1440,924616,1445,1465,1442,200458,291065016,906296,0,0,1568,1334,0,0,08/19/2022 21:59:32,0,1463,409,1464,355,0,0,0,0,0,0,0,0,0,0,0,0,0,0,0,0,1452,20220819
20220819,FG301,,,1464,1451,1440,924616,1445,1465,1442,200492,291114384,906320,0,0,1568,1334,0,0,08/19/2022 21:59:33,0,1463,406,1464,358,0,0,0,0,0,0,0,0,0,0,0,0,0,0,0,0,1452,20220819
20220819,FG301,,,1464,1451,1440,924616,1445,1465,1442,200492,291114384,906320,0,0,1568,1334,0,0,08/19/2022 21:59:33,0,1463,414,1464,362,0,0,0,0,0,0,0,0,0,0,0,0,0,0,0,0,1452,20220819
20220819,FG301,,,1464,1451,1440,924616,1445,1465,1442,200530,291169560,906318,0,0,1568,1334,0,0,08/19/2022 21:59:34,0,1463,414,1464,353,0,0,0,0,0,0,0,0,0,0,0,0,0,0,0,0,1452,20220819
20220819,FG301,,,1463,1451,1440,924616,1445,1465,1442,200537,291179724,906315,0,0,1568,1334,0,0,08/19/2022 21:59:34,0,1463,420,1464,367,0,0,0,0,0,0,0,0,0,0,0,0,0,0,0,0,1452,20220819
20220819,FG301,,,1463,1451,1440,924616,1445,1465,1442,200542,291186984,906315,0,0,1568,1334,0,0,08/19/2022 21:59:35,0,1463,425,1464,366,0,0,0,0,0,0,0,0,0,0,0,0,0,0,0,0,1452,20220819
20220819,FG301,,,1464,1451,1440,924616,1445,1465,1442,200547,291194244,906316,0,0,1568,1334,0,0,08/19/2022 21:59:35,0,1463,428,1464,379,0,0,0,0,0,0,0,0,0,0,0,0,0,0,0,0,1452,20220819
20220819,FG301,,,1463,1451,1440,924616,1445,1465,1442,200556,291207312,906311,0,0,1568,1334,0,0,08/19/2022 21:59:36,0,1463,425,1464,424,0,0,0,0,0,0,0,0,0,0,0,0,0,0,0,0,1452,20220819
20220819,FG301,,,1463,1451,1440,924616,1445,1465,1442,200575,291234900,906304,0,0,1568,1334,0,0,08/19/2022 21:59:36,0,1463,420,1464,433,0,0,0,0,0,0,0,0,0,0,0,0,0,0,0,0,1452,20220819
20220819,FG301,,,1464,1451,1440,924616,1445,1465,1442,200586,291250872,906301,0,0,1568,1334,0,0,08/19/2022 21:59:37,0,1463,417,1464,448,0,0,0,0,0,0,0,0,0,0,0,0,0,0,0,0,1452,20220819
20220819,FG301,,,1464,1451,1440,924616,1445,1465,1442,200598,291268296,906306,0,0,1568,1334,0,0,08/19/2022 21:59:37,0,1463,426,1464,443,0,0,0,0,0,0,0,0,0,0,0,0,0,0,0,0,1452,20220819
20220819,FG301,,,1464,1451,1440,924616,1445,1465,1442,200610,291285720,906303,0,0,1568,1334,0,0,08/19/2022 21:59:38,0,1463,421,1464,451,0,0,0,0,0,0,0,0,0,0,0,0,0,0,0,0,1452,20220819
20220819,FG301,,,1463,1451,1440,924616,1445,1465,1442,200613,291290076,906304,0,0,1568,1334,0,0,08/19/2022 21:59:38,0,1463,422,1464,458,0,0,0,0,0,0,0,0,0,0,0,0,0,0,0,0,1452,20220819
20220819,FG301,,,1464,1451,1440,924616,1445,1465,1442,200639,291327828,906307,0,0,1568,1334,0,0,08/19/2022 21:59:39,0,1463,436,1464,443,0,0,0,0,0,0,0,0,0,0,0,0,0,0,0,0,1452,20220819
20220819,FG301,,,1464,1451,1440,924616,1445,1465,1442,200684,291393168,906325,0,0,1568,1334,0,0,08/19/2022 21:59:39,0,1463,442,1464,424,0,0,0,0,0,0,0,0,0,0,0,0,0,0,0,0,1452,20220819
20220819,FG301,,,1463,1451,1440,924616,1445,1465,1442,200738,291471576,906362,0,0,1568,1334,0,0,08/19/2022 21:59:40,0,1463,413,1464,493,0,0,0,0,0,0,0,0,0,0,0,0,0,0,0,0,1452,20220819
20220819,FG301,,,1464,1451,1440,924616,1445,1465,1442,200787,291542724,906339,0,0,1568,1334,0,0,08/19/2022 21:59:40,0,1463,445,1464,460,0,0,0,0,0,0,0,0,0,0,0,0,0,0,0,0,1452,20220819
20220819,FG301,,,1464,1451,1440,924616,1445,1465,1442,200791,291548532,906340,0,0,1568,1334,0,0,08/19/2022 21:59:41,0,1463,454,1464,468,0,0,0,0,0,0,0,0,0,0,0,0,0,0,0,0,1452,20220819
20220819,FG301,,,1464,1451,1440,924616,1445,1465,1442,200803,291565956,906343,0,0,1568,1334,0,0,08/19/2022 21:59:41,0,1463,470,1464,472,0,0,0,0,0,0,0,0,0,0,0,0,0,0,0,0,1452,20220819
20220819,FG301,,,1463,1451,1440,924616,1445,1465,1442,200882,291680664,906346,0,0,1568,1334,0,0,08/19/2022 21:59:42,0,1463,396,1464,455,0,0,0,0,0,0,0,0,0,0,0,0,0,0,0,0,1452,20220819
20220819,FG301,,,1463,1451,1440,924616,1445,1465,1442,200890,291692280,906339,0,0,1568,1334,0,0,08/19/2022 21:59:42,0,1463,429,1464,458,0,0,0,0,0,0,0,0,0,0,0,0,0,0,0,0,1452,20220819
20220819,FG301,,,1463,1451,1440,924616,1445,1465,1442,200893,291696636,906339,0,0,1568,1334,0,0,08/19/2022 21:59:43,0,1463,441,1464,474,0,0,0,0,0,0,0,0,0,0,0,0,0,0,0,0,1452,20220819
20220819,FG301,,,1463,1451,1440,924616,1445,1465,1442,200901,291708252,906341,0,0,1568,1334,0,0,08/19/2022 21:59:43,0,1463,439,1464,479,0,0,0,0,0,0,0,0,0,0,0,0,0,0,0,0,1452,20220819
20220819,FG301,,,1463,1451,1440,924616,1445,1465,1442,200909,291719868,906344,0,0,1568,1334,0,0,08/19/2022 21:59:44,0,1463,441,1464,490,0,0,0,0,0,0,0,0,0,0,0,0,0,0,0,0,1452,20220819
20220819,FG301,,,1463,1451,1440,924616,1445,1465,1442,200946,291773592,906333,0,0,1568,1334,0,0,08/19/2022 21:59:44,0,1463,421,1464,529,0,0,0,0,0,0,0,0,0,0,0,0,0,0,0,0,1452,20220819
20220819,FG301,,,1463,1451,1440,924616,1445,1465,1442,200970,291808440,906339,0,0,1568,1334,0,0,08/19/2022 21:59:45,0,1463,410,1464,529,0,0,0,0,0,0,0,0,0,0,0,0,0,0,0,0,1452,20220819
20220819,FG301,,,1463,1451,1440,924616,1445,1465,1442,201000,291852000,906318,0,0,1568,1334,0,0,08/19/2022 21:59:45,0,1463,425,1464,508,0,0,0,0,0,0,0,0,0,0,0,0,0,0,0,0,1452,20220819
20220819,FG301,,,1463,1451,1440,924616,1445,1465,1442,201029,291894108,906313,0,0,1568,1334,0,0,08/19/2022 21:59:46,0,1463,417,1464,503,0,0,0,0,0,0,0,0,0,0,0,0,0,0,0,0,1452,20220819
20220819,FG301,,,1464,1451,1440,924616,1445,1465,1442,201061,291940572,906307,0,0,1568,1334,0,0,08/19/2022 21:59:46,0,1463,413,1464,491,0,0,0,0,0,0,0,0,0,0,0,0,0,0,0,0,1452,20220819
20220819,FG301,,,1463,1451,1440,924616,1445,1465,1442,201075,291960900,906306,0,0,1568,1334,0,0,08/19/2022 21:59:47,0,1463,425,1464,482,0,0,0,0,0,0,0,0,0,0,0,0,0,0,0,0,1452,20220819
20220819,FG301,,,1463,1451,1440,924616,1445,1465,1442,201085,291975420,906310,0,0,1568,1334,0,0,08/19/2022 21:59:47,0,1463,424,1464,483,0,0,0,0,0,0,0,0,0,0,0,0,0,0,0,0,1452,20220819
20220819,FG301,,,1463,1451,1440,924616,1445,1465,1442,201183,292117716,906256,0,0,1568,1334,0,0,08/19/2022 21:59:48,0,1463,419,1464,450,0,0,0,0,0,0,0,0,0,0,0,0,0,0,0,0,1452,20220819
20220819,FG301,,,1463,1451,1440,924616,1445,1465,1442,201189,292126428,906254,0,0,1568,1334,0,0,08/19/2022 21:59:48,0,1463,417,1464,470,0,0,0,0,0,0,0,0,0,0,0,0,0,0,0,0,1452,20220819
20220819,FG301,,,1464,1451,1440,924616,1445,1465,1442,201216,292165632,906254,0,0,1568,1334,0,0,08/19/2022 21:59:49,0,1463,403,1464,469,0,0,0,0,0,0,0,0,0,0,0,0,0,0,0,0,1452,20220819
20220819,FG301,,,1464,1451,1440,924616,1445,1465,1442,201233,292190316,906261,0,0,1568,1334,0,0,08/19/2022 21:59:49,0,1463,394,1464,481,0,0,0,0,0,0,0,0,0,0,0,0,0,0,0,0,1452,20220819
20220819,FG301,,,1464,1451,1440,924616,1445,1465,1442,201241,292201932,906264,0,0,1568,1334,0,0,08/19/2022 21:59:50,0,1463,393,1464,481,0,0,0,0,0,0,0,0,0,0,0,0,0,0,0,0,1452,20220819
20220819,FG301,,,1463,1451,1440,924616,1445,1465,1442,201354,292366008,906245,0,0,1568,1334,0,0,08/19/2022 21:59:50,0,1463,359,1464,409,0,0,0,0,0,0,0,0,0,0,0,0,0,0,0,0,1452,20220819
20220819,FG301,,,1463,1451,1440,924616,1445,1465,1442,201398,292429896,906263,0,0,1568,1334,0,0,08/19/2022 21:59:51,0,1463,348,1464,398,0,0,0,0,0,0,0,0,0,0,0,0,0,0,0,0,1452,20220819
20220819,FG301,,,1464,1451,1440,924616,1445,1465,1442,201406,292441512,906263,0,0,1568,1334,0,0,08/19/2022 21:59:51,0,1463,367,1464,397,0,0,0,0,0,0,0,0,0,0,0,0,0,0,0,0,1452,20220819
20220819,FG301,,,1464,1451,1440,924616,1445,1465,1442,201460,292519920,906248,0,0,1568,1334,0,0,08/19/2022 21:59:52,0,1463,315,1464,399,0,0,0,0,0,0,0,0,0,0,0,0,0,0,0,0,1452,20220819
20220819,FG301,,,1463,1451,1440,924616,1445,1465,1442,201495,292570740,906251,0,0,1568,1334,0,0,08/19/2022 21:59:52,0,1463,292,1464,390,0,0,0,0,0,0,0,0,0,0,0,0,0,0,0,0,1452,20220819
20220819,FG301,,,1463,1451,1440,924616,1445,1465,1442,201513,292596876,906256,0,0,1568,1334,0,0,08/19/2022 21:59:53,0,1463,283,1464,394,0,0,0,0,0,0,0,0,0,0,0,0,0,0,0,0,1452,20220819
20220819,FG301,,,1464,1451,1440,924616,1445,1465,1442,201521,292608492,906251,0,0,1568,1334,0,0,08/19/2022 21:59:53,0,1463,281,1464,420,0,0,0,0,0,0,0,0,0,0,0,0,0,0,0,0,1452,20220819
20220819,FG301,,,1463,1451,1440,924616,1445,1465,1442,201530,292621560,906245,0,0,1568,1334,0,0,08/19/2022 21:59:54,0,1463,278,1464,443,0,0,0,0,0,0,0,0,0,0,0,0,0,0,0,0,1452,20220819
20220819,FG301,,,1463,1451,1440,924616,1445,1465,1442,201544,292641888,906239,0,0,1568,1334,0,0,08/19/2022 21:59:54,0,1463,280,1464,444,0,0,0,0,0,0,0,0,0,0,0,0,0,0,0,0,1452,20220819
20220819,FG301,,,1463,1451,1440,924616,1445,1465,1442,201547,292646244,906238,0,0,1568,1334,0,0,08/19/2022 21:59:55,0,1463,280,1464,460,0,0,0,0,0,0,0,0,0,0,0,0,0,0,0,0,1452,20220819
20220819,FG301,,,1464,1451,1440,924616,1445,1465,1442,201712,292885824,906284,0,0,1568,1334,0,0,08/19/2022 21:59:55,0,1463,145,1464,452,0,0,0,0,0,0,0,0,0,0,0,0,0,0,0,0,1452,20220819
20220819,FG301,,,1463,1451,1440,924616,1445,1465,1442,201717,292893084,906286,0,0,1568,1334,0,0,08/19/2022 21:59:56,0,1463,140,1464,471,0,0,0,0,0,0,0,0,0,0,0,0,0,0,0,0,1452,20220819
20220819,FG301,,,1463,1451,1440,924616,1445,1465,1442,201727,292907604,906290,0,0,1568,1334,0,0,08/19/2022 21:59:56,0,1463,136,1464,481,0,0,0,0,0,0,0,0,0,0,0,0,0,0,0,0,1452,20220819
20220819,FG301,,,1463,1451,1440,924616,1445,1465,1442,201792,293001984,906316,0,0,1568,1334,0,0,08/19/2022 21:59:57,0,1463,120,1464,485,0,0,0,0,0,0,0,0,0,0,0,0,0,0,0,0,1452,20220819
20220819,FG301,,,1464,1451,1440,924616,1445,1465,1442,201823,293046996,906290,0,0,1568,1334,0,0,08/19/2022 21:59:57,0,1463,103,1464,475,0,0,0,0,0,0,0,0,0,0,0,0,0,0,0,0,1452,20220819
20220819,FG301,,,1463,1451,1440,924616,1445,1465,1442,201828,293054256,906287,0,0,1568,1334,0,0,08/19/2022 21:59:58,0,1463,82,1464,684,0,0,0,0,0,0,0,0,0,0,0,0,0,0,0,0,1452,20220819
20220819,FG301,,,1463,1451,1440,924616,1445,1465,1442,201910,293173320,906262,0,0,1568,1334,0,0,08/19/2022 21:59:58,0,1463,9,1464,686,0,0,0,0,0,0,0,0,0,0,0,0,0,0,0,0,1452,20220819
20220819,FG301,,,1463,1451,1440,924616,1445,1465,1442,201918,293184936,906264,0,0,1568,1334,0,0,08/19/2022 21:59:59,0,1463,7,1464,700,0,0,0,0,0,0,0,0,0,0,0,0,0,0,0,0,1452,20220819
20220819,FG301,,,1463,1451,1440,924616,1445,1465,1442,201924,293193648,906262,0,0,1568,1334,0,0,08/19/2022 21:59:59,0,1463,19,1464,698,0,0,0,0,0,0,0,0,0,0,0,0,0,0,0,0,1452,20220819
20220819,FG301,,,1463,1451,1440,924616,1445,1465,1442,201967,293256084,906274,0,0,1568,1334,0,0,08/19/2022 22:00:00,0,1463,2,1464,701,0,0,0,0,0,0,0,0,0,0,0,0,0,0,0,0,1452,20220819
20220819,FG301,,,1463,1451,1440,924616,1445,1465,1442,202057,293386764,906241,0,0,1568,1334,0,0,08/19/2022 22:00:00,0,1462,483,1463,5,0,0,0,0,0,0,0,0,0,0,0,0,0,0,0,0,1452,20220819
20220819,FG301,,,1462,1451,1440,924616,1445,1465,1442,202069,293404188,906252,0,0,1568,1334,0,0,08/19/2022 22:00:01,0,1462,491,1463,29,0,0,0,0,0,0,0,0,0,0,0,0,0,0,0,0,1452,20220819
20220819,FG301,,,1463,1451,1440,924616,1445,1465,1442,202081,293421612,906248,0,0,1568,1334,0,0,08/19/2022 22:00:01,0,1462,521,1463,92,0,0,0,0,0,0,0,0,0,0,0,0,0,0,0,0,1452,20220819
20220819,FG301,,,1463,1451,1440,924616,1445,1465,1442,202122,293481144,906254,0,0,1568,1334,0,0,08/19/2022 22:00:02,0,1462,518,1463,126,0,0,0,0,0,0,0,0,0,0,0,0,0,0,0,0,1452,20220819
20220819,FG301,,,1463,1451,1440,924616,1445,1465,1442,202179,293563908,906257,0,0,1568,1334,0,0,08/19/2022 22:00:02,0,1462,482,1463,203,0,0,0,0,0,0,0,0,0,0,0,0,0,0,0,0,1452,20220819
20220819,FG301,,,1463,1451,1440,924616,1445,1465,1442,202213,293613276,906259,0,0,1568,1334,0,0,08/19/2022 22:00:03,0,1462,474,1463,220,0,0,0,0,0,0,0,0,0,0,0,0,0,0,0,0,1452,20220819
20220819,FG301,,,1463,1451,1440,924616,1445,1465,1442,202246,293661192,906259,0,0,1568,1334,0,0,08/19/2022 22:00:03,0,1462,464,1463,227,0,0,0,0,0,0,0,0,0,0,0,0,0,0,0,0,1452,20220819
20220819,FG301,,,1462,1451,1440,924616,1445,1465,1442,202290,293725080,906294,0,0,1568,1334,0,0,08/19/2022 22:00:04,0,1462,647,1463,188,0,0,0,0,0,0,0,0,0,0,0,0,0,0,0,0,1452,20220819
20220819,FG301,,,1463,1451,1440,924616,1445,1465,1442,202312,293757024,906282,0,0,1568,1334,0,0,08/19/2022 22:00:04,0,1462,631,1463,174,0,0,0,0,0,0,0,0,0,0,0,0,0,0,0,0,1452,20220819
20220819,FG301,,,1462,1451,1440,924616,1445,1465,1442,202319,293767188,906282,0,0,1568,1334,0,0,08/19/2022 22:00:05,0,1462,644,1463,184,0,0,0,0,0,0,0,0,0,0,0,0,0,0,0,0,1452,20220819
20220819,FG301,,,1462,1451,1440,924616,1445,1465,1442,202341,293799132,906273,0,0,1568,1334,0,0,08/19/2022 22:00:05,0,1462,633,1463,206,0,0,0,0,0,0,0,0,0,0,0,0,0,0,0,0,1452,20220819
20220819,FG301,,,1463,1451,1440,924616,1445,1465,1442,202360,293826720,906280,0,0,1568,1334,0,0,08/19/2022 22:00:06,0,1462,633,1463,196,0,0,0,0,0,0,0,0,0,0,0,0,0,0,0,0,1452,20220819
20220819,FG301,,,1462,1451,1440,924616,1445,1465,1442,202382,293858664,906263,0,0,1568,1334,0,0,08/19/2022 22:00:06,0,1462,614,1463,211,0,0,0,0,0,0,0,0,0,0,0,0,0,0,0,0,1452,20220819
20220819,FG301,,,1462,1451,1440,924616,1445,1465,1442,202392,293873184,906263,0,0,1568,1334,0,0,08/19/2022 22:00:07,0,1462,609,1463,246,0,0,0,0,0,0,0,0,0,0,0,0,0,0,0,0,1452,20220819
20220819,FG301,,,1462,1451,1440,924616,1445,1465,1442,202414,293905128,906270,0,0,1568,1334,0,0,08/19/2022 22:00:07,0,1462,594,1463,243,0,0,0,0,0,0,0,0,0,0,0,0,0,0,0,0,1452,20220819
20220819,FG301,,,1462,1451,1440,924616,1445,1465,1442,202416,293908032,906270,0,0,1568,1334,0,0,08/19/2022 22:00:08,0,1462,593,1463,252,0,0,0,0,0,0,0,0,0,0,0,0,0,0,0,0,1452,20220819
20220819,FG301,,,1462,1451,1440,924616,1445,1465,1442,202419,293912388,906271,0,0,1568,1334,0,0,08/19/2022 22:00:08,0,1462,592,1463,281,0,0,0,0,0,0,0,0,0,0,0,0,0,0,0,0,1452,20220819
20220819,FG301,,,1462,1451,1440,924616,1445,1465,1442,202463,293976276,906281,0,0,1568,1334,0,0,08/19/2022 22:00:09,0,1462,586,1463,280,0,0,0,0,0,0,0,0,0,0,0,0,0,0,0,0,1452,20220819
20220819,FG301,,,1462,1451,1440,924616,1445,1465,1442,202525,294066300,906284,0,0,1568,1334,0,0,08/19/2022 22:00:09,0,1462,535,1463,289,0,0,0,0,0,0,0,0,0,0,0,0,0,0,0,0,1452,20220819
20220819,FG301,,,1462,1451,1440,924616,1445,1465,1442,202533,294077916,906288,0,0,1568,1334,0,0,08/19/2022 22:00:10,0,1462,542,1463,299,0,0,0,0,0,0,0,0,0,0,0,0,0,0,0,0,1452,20220819
20220819,FG301,,,1462,1451,1440,924616,1445,1465,1442,202541,294089532,906288,0,0,1568,1334,0,0,08/19/2022 22:00:10,0,1462,539,1463,300,0,0,0,0,0,0,0,0,0,0,0,0,0,0,0,0,1452,20220819
20220819,FG301,,,1463,1451,1440,924616,1445,1465,1442,202553,294106956,906292,0,0,1568,1334,0,0,08/19/2022 22:00:11,0,1462,535,1463,324,0,0,0,0,0,0,0,0,0,0,0,0,0,0,0,0,1452,20220819
20220819,FG301,,,1462,1451,1440,924616,1445,1465,1442,202564,294122928,906282,0,0,1568,1334,0,0,08/19/2022 22:00:11,0,1462,526,1463,335,0,0,0,0,0,0,0,0,0,0,0,0,0,0,0,0,1452,20220819
20220819,FG301,,,1463,1451,1440,924616,1445,1465,1442,202568,294128736,906280,0,0,1568,1334,0,0,08/19/2022 22:00:12,0,1462,529,1463,346,0,0,0,0,0,0,0,0,0,0,0,0,0,0,0,0,1452,20220819
20220819,FG301,,,1463,1451,1440,924616,1445,1465,1442,202584,294151968,906279,0,0,1568,1334,0,0,08/19/2022 22:00:12,0,1462,528,1463,341,0,0,0,0,0,0,0,0,0,0,0,0,0,0,0,0,1452,20220819
20220819,FG301,,,1462,1451,1440,924616,1445,1465,1442,202597,294170844,906272,0,0,1568,1334,0,0,08/19/2022 22:00:13,0,1462,516,1463,344,0,0,0,0,0,0,0,0,0,0,0,0,0,0,0,0,1452,20220819
20220819,FG301,,,1463,1451,1440,924616,1445,1465,1442,202954,294892162,906093,0,0,1568,1334,0,0,08/19/2022 22:00:13,0,1463,49,1464,719,0,0,0,0,0,0,0,0,0,0,0,0,0,0,0,0,1453,20220819
20220819,FG301,,,1463,1451,1440,924616,1445,1465,1442,203013,294977889,906056,0,0,1568,1334,0,0,08/19/2022 22:00:14,0,1463,305,1464,745,0,0,0,0,0,0,0,0,0,0,0,0,0,0,0,0,1453,20220819
20220819,FG301,,,1463,1451,1440,924616,1445,1465,1442,203022,294990966,906049,0,0,1568,1334,0,0,08/19/2022 22:00:14,0,1463,339,1464,746,0,0,0,0,0,0,0,0,0,0,0,0,0,0,0,0,1453,20220819
20220819,FG301,,,1463,1451,1440,924616,1445,1465,1442,203148,295174044,906019,0,0,1568,1334,0,0,08/19/2022 22:00:15,0,1463,220,1464,748,0,0,0,0,0,0,0,0,0,0,0,0,0,0,0,0,1453,20220819
20220819,FG301,,,1463,1451,1440,924616,1445,1465,1442,203383,295515499,906008,0,0,1568,1334,0,0,08/19/2022 22:00:15,0,1462,332,1463,4,0,0,0,0,0,0,0,0,0,0,0,0,0,0,0,0,1453,20220819
20220819,FG301,,,1463,1451,1440,924616,1445,1465,1442,203411,295556183,906014,0,0,1568,1334,0,0,08/19/2022 22:00:16,0,1462,348,1463,71,0,0,0,0,0,0,0,0,0,0,0,0,0,0,0,0,1453,20220819
20220819,FG301,,,1462,1451,1440,924616,1445,1465,1442,212773,309159169,906257,0,0,1568,1334,0,0,08/19/2022 22:03:55,0,1462,289,1463,638,0,0,0,0,0,0,0,0,0,0,0,0,0,0,0,0,1453,20220819
20220819,FG301,,,1462,1451,1440,924616,1445,1465,1442,212779,309167887,906256,0,0,1568,1334,0,0,08/19/2022 22:03:55,0,1462,287,1463,641,0,0,0,0,0,0,0,0,0,0,0,0,0,0,0,0,1453,20220819
20220819,FG301,,,1462,1451,1440,924616,1445,1465,1442,212785,309176605,906255,0,0,1568,1334,0,0,08/19/2022 22:03:56,0,1462,290,1463,592,0,0,0,0,0,0,0,0,0,0,0,0,0,0,0,0,1453,20220819
20220819,FG301,,,1462,1451,1440,924616,1445,1465,1442,212786,309178058,906254,0,0,1568,1334,0,0,08/19/2022 22:03:56,0,1462,289,1463,595,0,0,0,0,0,0,0,0,0,0,0,0,0,0,0,0,1453,20220819
20220819,FG301,,,1462,1451,1440,924616,1445,1465,1442,212789,309182417,906253,0,0,1568,1334,0,0,08/19/2022 22:03:57,0,1462,294,1463,610,0,0,0,0,0,0,0,0,0,0,0,0,0,0,0,0,1453,20220819
20220819,FG301,,,1462,1451,1440,924616,1445,1465,1442,212790,309183870,906253,0,0,1568,1334,0,0,08/19/2022 22:03:57,0,1462,293,1463,614,0,0,0,0,0,0,0,0,0,0,0,0,0,0,0,0,1453,20220819
20220819,FG301,,,1462,1451,1440,924616,1445,1465,1442,212795,309191135,906252,0,0,1568,1334,0,0,08/19/2022 22:03:58,0,1462,294,1463,619,0,0,0,0,0,0,0,0,0,0,0,0,0,0,0,0,1453,20220819
20220819,FG301,,,1462,1451,1440,924616,1445,1465,1442,212816,309221648,906232,0,0,1568,1334,0,0,08/19/2022 22:03:58,0,1462,273,1463,621,0,0,0,0,0,0,0,0,0,0,0,0,0,0,0,0,1453,20220819
20220819,FG301,,,1463,1451,1440,924616,1445,1465,1442,212819,309226007,906231,0,0,1568,1334,0,0,08/19/2022 22:03:59,0,1462,274,1463,620,0,0,0,0,0,0,0,0,0,0,0,0,0,0,0,0,1453,20220819
20220819,FG301,,,1463,1451,1440,924616,1445,1465,1442,212819,309226007,906231,0,0,1568,1334,0,0,08/19/2022 22:03:59,0,1462,274,1463,621,0,0,0,0,0,0,0,0,0,0,0,0,0,0,0,0,1453,20220819
20220819,FG301,,,1463,1451,1440,924616,1445,1465,1442,212822,309230366,906228,0,0,1568,1334,0,0,08/19/2022 22:04:00,0,1462,273,1463,620,0,0,0,0,0,0,0,0,0,0,0,0,0,0,0,0,1453,20220819
20220819,FG301,,,1463,1451,1440,924616,1445,1465,1442,212825,309234725,906226,0,0,1568,1334,0,0,08/19/2022 22:04:00,0,1462,278,1463,618,0,0,0,0,0,0,0,0,0,0,0,0,0,0,0,0,1453,20220819
20220819,FG301,,,1462,1451,1440,924616,1445,1465,1442,212832,309244896,906223,0,0,1568,1334,0,0,08/19/2022 22:04:01,0,1462,272,1463,622,0,0,0,0,0,0,0,0,0,0,0,0,0,0,0,0,1453,20220819
20220819,FG301,,,1463,1451,1440,924616,1445,1465,1442,212850,309271050,906205,0,0,1568,1334,0,0,08/19/2022 22:04:01,0,1462,271,1463,618,0,0,0,0,0,0,0,0,0,0,0,0,0,0,0,0,1453,20220819
20220819,FG301,,,1462,1451,1440,924616,1445,1465,1442,212882,309317546,906179,0,0,1568,1334,0,0,08/19/2022 22:04:02,0,1462,269,1463,589,0,0,0,0,0,0,0,0,0,0,0,0,0,0,0,0,1453,20220819
20220819,FG301,,,1462,1451,1440,924616,1445,1465,1442,212886,309323358,906176,0,0,1568,1334,0,0,08/19/2022 22:04:02,0,1462,275,1463,596,0,0,0,0,0,0,0,0,0,0,0,0,0,0,0,0,1453,20220819
20220819,FG301,,,1462,1451,1440,924616,1445,1465,1442,212925,309380025,906140,0,0,1568,1334,0,0,08/19/2022 22:04:03,0,1462,274,1463,560,0,0,0,0,0,0,0,0,0,0,0,0,0,0,0,0,1453,20220819
20220819,FG301,,,1463,1451,1440,924616,1445,1465,1442,213044,309552932,906155,0,0,1568,1334,0,0,08/19/2022 22:04:03,0,1462,369,1463,457,0,0,0,0,0,0,0,0,0,0,0,0,0,0,0,0,1453,20220819
20220819,FG301,,,1463,1451,1440,924616,1445,1465,1442,213065,309583445,906134,0,0,1568,1334,0,0,08/19/2022 22:04:04,0,1462,384,1463,437,0,0,0,0,0,0,0,0,0,0,0,0,0,0,0,0,1453,20220819
20220819,FG301,,,1462,1451,1440,924616,1445,1465,1442,213074,309596522,906127,0,0,1568,1334,0,0,08/19/2022 22:04:04,0,1462,382,1463,432,0,0,0,0,0,0,0,0,0,0,0,0,0,0,0,0,1453,20220819
20220819,FG301,,,1463,1451,1440,924616,1445,1465,1442,213078,309602334,906125,0,0,1568,1334,0,0,08/19/2022 22:04:05,0,1462,393,1463,434,0,0,0,0,0,0,0,0,0,0,0,0,0,0,0,0,1453,20220819
20220819,FG301,,,1463,1451,1440,924616,1445,1465,1442,213213,309798489,906196,0,0,1568,1334,0,0,08/19/2022 22:04:05,0,1462,390,1463,301,0,0,0,0,0,0,0,0,0,0,0,0,0,0,0,0,1453,20220819
20220819,FG301,,,1463,1451,1440,924616,1445,1465,1442,213262,309869686,906235,0,0,1568,1334,0,0,08/19/2022 22:04:06,0,1462,387,1463,269,0,0,0,0,0,0,0,0,0,0,0,0,0,0,0,0,1453,20220819
20220819,FG301,,,1462,1451,1440,924616,1445,1465,1442,213509,310228577,906250,0,0,1568,1334,0,0,08/19/2022 22:04:06,0,1462,384,1463,33,0,0,0,0,0,0,0,0,0,0,0,0,0,0,0,0,1453,20220819
20220819,FG301,,,1463,1451,1440,924616,1445,1465,1442,213551,310289603,906251,0,0,1568,1334,0,0,08/19/2022 22:04:07,0,1463,100,1464,515,0,0,0,0,0,0,0,0,0,0,0,0,0,0,0,0,1453,20220819
20220819,FG301,,,1463,1451,1440,924616,1445,1465,1442,213553,310292509,906251,0,0,1568,1334,0,0,08/19/2022 22:04:07,0,1463,180,1464,512,0,0,0,0,0,0,0,0,0,0,0,0,0,0,0,0,1453,20220819
20220819,FG301,,,1463,1451,1440,924616,1445,1465,1442,213553,310292509,906251,0,0,1568,1334,0,0,08/19/2022 22:04:08,0,1463,196,1464,509,0,0,0,0,0,0,0,0,0,0,0,0,0,0,0,0,1453,20220819
20220819,FG301,,,1464,1451,1440,924616,1445,1465,1442,213589,310344817,906236,0,0,1568,1334,0,0,08/19/2022 22:04:08,0,1463,159,1464,505,0,0,0,0,0,0,0,0,0,0,0,0,0,0,0,0,1453,20220819
20220819,FG301,,,1463,1451,1440,924616,1445,1465,1442,213597,310356441,906229,0,0,1568,1334,0,0,08/19/2022 22:04:09,0,1463,135,1464,508,0,0,0,0,0,0,0,0,0,0,0,0,0,0,0,0,1453,20220819
20220819,FG301,,,1464,1451,1440,924616,1445,1465,1442,213605,310368065,906224,0,0,1568,1334,0,0,08/19/2022 22:04:09,0,1463,143,1464,506,0,0,0,0,0,0,0,0,0,0,0,0,0,0,0,0,1453,20220819
20220819,FG301,,,1463,1451,1440,924616,1445,1465,1442,213608,310372424,906221,0,0,1568,1334,0,0,08/19/2022 22:04:10,0,1463,140,1464,505,0,0,0,0,0,0,0,0,0,0,0,0,0,0,0,0,1453,20220819
20220819,FG301,,,1463,1451,1440,924616,1445,1465,1442,213630,310404390,906211,0,0,1568,1334,0,0,08/19/2022 22:04:10,0,1463,124,1464,506,0,0,0,0,0,0,0,0,0,0,0,0,0,0,0,0,1453,20220819
20220819,FG301,,,1463,1451,1440,924616,1445,1465,1442,213633,310408749,906211,0,0,1568,1334,0,0,08/19/2022 22:04:11,0,1463,129,1464,507,0,0,0,0,0,0,0,0,0,0,0,0,0,0,0,0,1453,20220819
20220819,FG301,,,1464,1451,1440,924616,1445,1465,1442,213635,310411655,906212,0,0,1568,1334,0,0,08/19/2022 22:04:11,0,1463,137,1464,512,0,0,0,0,0,0,0,0,0,0,0,0,0,0,0,0,1453,20220819
20220819,FG301,,,1464,1451,1440,924616,1445,1465,1442,213638,310416014,906214,0,0,1568,1334,0,0,08/19/2022 22:04:12,0,1463,137,1464,511,0,0,0,0,0,0,0,0,0,0,0,0,0,0,0,0,1453,20220819
20220819,FG301,,,1463,1451,1440,924616,1445,1465,1442,213647,310429091,906218,0,0,1568,1334,0,0,08/19/2022 22:04:12,0,1463,139,1464,507,0,0,0,0,0,0,0,0,0,0,0,0,0,0,0,0,1453,20220819
20220819,FG301,,,1463,1451,1440,924616,1445,1465,1442,213653,310437809,906219,0,0,1568,1334,0,0,08/19/2022 22:04:13,0,1463,138,1464,509,0,0,0,0,0,0,0,0,0,0,0,0,0,0,0,0,1453,20220819
20220819,FG301,,,1463,1451,1440,924616,1445,1465,1442,213670,310462510,906222,0,0,1568,1334,0,0,08/19/2022 22:04:13,0,1463,124,1464,513,0,0,0,0,0,0,0,0,0,0,0,0,0,0,0,0,1453,20220819
20220819,FG301,,,1463,1451,1440,924616,1445,1465,1442,213764,310599092,906285,0,0,1568,1334,0,0,08/19/2022 22:04:14,0,1463,15,1464,517,0,0,0,0,0,0,0,0,0,0,0,0,0,0,0,0,1453,20220819
20220819,FG301,,,1463,1451,1440,924616,1445,1465,1442,213818,310677554,906251,0,0,1568,1334,0,0,08/19/2022 22:04:14,0,1462,419,1463,56,0,0,0,0,0,0,0,0,0,0,0,0,0,0,0,0,1453,20220819
20220819,FG301,,,1463,1451,1440,924616,1445,1465,1442,213850,310724050,906252,0,0,1568,1334,0,0,08/19/2022 22:04:15,0,1462,407,1463,4,0,0,0,0,0,0,0,0,0,0,0,0,0,0,0,0,1453,20220819
20220819,FG301,,,1464,1451,1440,924616,1445,1465,1442,213861,310740033,906242,0,0,1568,1334,0,0,08/19/2022 22:04:15,0,1463,4,1464,538,0,0,0,0,0,0,0,0,0,0,0,0,0,0,0,0,1453,20220819
20220819,FG301,,,1463,1451,1440,924616,1445,1465,1442,213863,310742939,906244,0,0,1568,1334,0,0,08/19/2022 22:04:16,0,1463,13,1464,545,0,0,0,0,0,0,0,0,0,0,0,0,0,0,0,0,1453,20220819
20220819,FG301,,,1463,1451,1440,924616,1445,1465,1442,213898,310793794,906261,0,0,1568,1334,0,0,08/19/2022 22:04:16,0,1463,45,1464,523,0,0,0,0,0,0,0,0,0,0,0,0,0,0,0,0,1453,20220819
20220819,FG301,,,1464,1451,1440,924616,1445,1465,1442,213899,310795247,906261,0,0,1568,1334,0,0,08/19/2022 22:04:17,0,1463,56,1464,514,0,0,0,0,0,0,0,0,0,0,0,0,0,0,0,0,1453,20220819
20220819,FG301,,,1462,1451,1440,924616,1445,1465,1442,224459,326138927,905642,0,0,1568,1334,0,0,08/19/2022 22:09:51,0,1462,174,1463,510,0,0,0,0,0,0,0,0,0,0,0,0,0,0,0,0,1453,20220819
20220819,FG301,,,1462,1451,1440,924616,1445,1465,1442,224692,326702168,905690,0,0,1568,1334,0,0,08/19/2022 22:09:52,0,1461,1099,1462,104,0,0,0,0,0,0,0,0,0,0,0,0,0,0,0,0,1454,20220819
20220819,FG301,,,1462,1451,1440,924616,1445,1465,1442,224752,326789408,905717,0,0,1568,1334,0,0,08/19/2022 22:09:52,0,1461,1079,1462,157,0,0,0,0,0,0,0,0,0,0,0,0,0,0,0,0,1454,20220819
20220819,FG301,,,1462,1451,1440,924616,1445,1465,1442,224754,326792316,905718,0,0,1568,1334,0,0,08/19/2022 22:09:52,0,1461,1079,1462,160,0,0,0,0,0,0,0,0,0,0,0,0,0,0,0,0,1454,20220819
20220819,FG301,,,1462,1451,1440,924616,1445,1465,1442,224797,326854838,905758,0,0,1568,1334,0,0,08/19/2022 22:09:53,0,1461,1080,1462,119,0,0,0,0,0,0,0,0,0,0,0,0,0,0,0,0,1454,20220819
20220819,FG301,,,1462,1451,1440,924616,1445,1465,1442,224806,326867924,905763,0,0,1568,1334,0,0,08/19/2022 22:09:54,0,1461,1078,1462,116,0,0,0,0,0,0,0,0,0,0,0,0,0,0,0,0,1454,20220819
20220819,FG301,,,1461,1451,1440,924616,1445,1465,1442,224835,326910090,905748,0,0,1568,1334,0,0,08/19/2022 22:09:54,0,1461,1067,1462,142,0,0,0,0,0,0,0,0,0,0,0,0,0,0,0,0,1454,20220819
20220819,FG301,,,1461,1451,1440,924616,1445,1465,1442,224864,326952256,905751,0,0,1568,1334,0,0,08/19/2022 22:09:54,0,1461,1045,1462,142,0,0,0,0,0,0,0,0,0,0,0,0,0,0,0,0,1454,20220819
20220819,FG301,,,1462,1451,1440,924616,1445,1465,1442,224912,327022048,905719,0,0,1568,1334,0,0,08/19/2022 22:09:55,0,1461,1048,1462,102,0,0,0,0,0,0,0,0,0,0,0,0,0,0,0,0,1454,20220819
20220819,FG301,,,1461,1451,1440,924616,1445,1465,1442,224947,327072938,905731,0,0,1568,1334,0,0,08/19/2022 22:09:56,0,1461,1029,1462,62,0,0,0,0,0,0,0,0,0,0,0,0,0,0,0,0,1454,20220819
20220819,FG301,,,1461,1451,1440,924616,1445,1465,1442,224972,327109288,905735,0,0,1568,1334,0,0,08/19/2022 22:09:56,0,1461,1001,1462,55,0,0,0,0,0,0,0,0,0,0,0,0,0,0,0,0,1454,20220819
20220819,FG301,,,1462,1451,1440,924616,1445,1465,1442,224990,327135460,905734,0,0,1568,1334,0,0,08/19/2022 22:09:56,0,1461,998,1462,51,0,0,0,0,0,0,0,0,0,0,0,0,0,0,0,0,1454,20220819
20220819,FG301,,,1462,1451,1440,924616,1445,1465,1442,225016,327173264,905720,0,0,1568,1334,0,0,08/19/2022 22:09:57,0,1461,996,1462,79,0,0,0,0,0,0,0,0,0,0,0,0,0,0,0,0,1454,20220819
20220819,FG301,,,1462,1451,1440,924616,1445,1465,1442,225027,327189258,905716,0,0,1568,1334,0,0,08/19/2022 22:09:58,0,1461,991,1462,116,0,0,0,0,0,0,0,0,0,0,0,0,0,0,0,0,1454,20220819
20220819,FG301,,,1462,1451,1440,924616,1445,1465,1442,225074,327257596,905692,0,0,1568,1334,0,0,08/19/2022 22:09:58,0,1461,957,1462,112,0,0,0,0,0,0,0,0,0,0,0,0,0,0,0,0,1454,20220819
20220819,FG301,,,1461,1451,1440,924616,1445,1465,1442,225076,327260504,905692,0,0,1568,1334,0,0,08/19/2022 22:09:59,0,1461,957,1462,124,0,0,0,0,0,0,0,0,0,0,0,0,0,0,0,0,1454,20220819
20220819,FG301,,,1461,1451,1440,924616,1445,1465,1442,225086,327275044,905689,0,0,1568,1334,0,0,08/19/2022 22:09:59,0,1461,948,1462,126,0,0,0,0,0,0,0,0,0,0,0,0,0,0,0,0,1454,20220819
20220819,FG301,,,1461,1451,1440,924616,1445,1465,1442,225088,327277952,905689,0,0,1568,1334,0,0,08/19/2022 22:10:00,0,1461,948,1462,128,0,0,0,0,0,0,0,0,0,0,0,0,0,0,0,0,1454,20220819
20220819,FG301,,,1461,1451,1440,924616,1445,1465,1442,225100,327295400,905681,0,0,1568,1334,0,0,08/19/2022 22:10:00,0,1461,975,1462,134,0,0,0,0,0,0,0,0,0,0,0,0,0,0,0,0,1454,20220819
20220819,FG301,,,1462,1451,1440,924616,1445,1465,1442,225129,327337566,905681,0,0,1568,1334,0,0,08/19/2022 22:10:01,0,1461,965,1462,114,0,0,0,0,0,0,0,0,0,0,0,0,0,0,0,0,1454,20220819
20220819,FG301,,,1461,1451,1440,924616,1445,1465,1442,225152,327371008,905664,0,0,1568,1334,0,0,08/19/2022 22:10:01,0,1461,1041,1462,108,0,0,0,0,0,0,0,0,0,0,0,0,0,0,0,0,1454,20220819
20220819,FG301,,,1461,1451,1440,924616,1445,1465,1442,225153,327372462,905664,0,0,1568,1334,0,0,08/19/2022 22:10:02,0,1461,1040,1462,129,0,0,0,0,0,0,0,0,0,0,0,0,0,0,0,0,1454,20220819
20220819,FG301,,,1462,1451,1440,924616,1445,1465,1442,225231,327485874,905729,0,0,1568,1334,0,0,08/19/2022 22:10:02,0,1461,1160,1462,43,0,0,0,0,0,0,0,0,0,0,0,0,0,0,0,0,1454,20220819
20220819,FG301,,,1462,1451,1440,924616,1445,1465,1442,225308,327597832,905706,0,0,1568,1334,0,0,08/19/2022 22:10:02,0,1462,141,1463,654,0,0,0,0,0,0,0,0,0,0,0,0,0,0,0,0,1454,20220819
20220819,FG301,,,1462,1451,1440,924616,1445,1465,1442,225312,327603648,905705,0,0,1568,1334,0,0,08/19/2022 22:10:03,0,1462,355,1463,662,0,0,0,0,0,0,0,0,0,0,0,0,0,0,0,0,1454,20220819
20220819,FG301,,,1462,1451,1440,924616,1445,1465,1442,225321,327616734,905703,0,0,1568,1334,0,0,08/19/2022 22:10:04,0,1462,353,1463,651,0,0,0,0,0,0,0,0,0,0,0,0,0,0,0,0,1454,20220819
20220819,FG301,,,1462,1451,1440,924616,1445,1465,1442,225334,327635636,905701,0,0,1568,1334,0,0,08/19/2022 22:10:04,0,1462,550,1463,651,0,0,0,0,0,0,0,0,0,0,0,0,0,0,0,0,1454,20220819
20220819,FG301,,,1462,1451,1440,924616,1445,1465,1442,225363,327677802,905674,0,0,1568,1334,0,0,08/19/2022 22:10:05,0,1462,553,1463,623,0,0,0,0,0,0,0,0,0,0,0,0,0,0,0,0,1454,20220819
20220819,FG301,,,1463,1451,1440,924616,1445,1465,1442,225972,328563288,905292,0,0,1568,1334,0,0,08/19/2022 22:10:05,0,1463,486,1464,685,0,0,0,0,0,0,0,0,0,0,0,0,0,0,0,0,1454,20220819
20220819,FG301,,,1466,1451,1440,924616,1445,1468,1442,242982,353295828,902674,0,0,1568,1334,0,0,08/19/2022 22:14:17,0,1466,314,1467,888,0,0,0,0,0,0,0,0,0,0,0,0,0,0,0,0,1454,20220819
20220819,FG301,,,1466,1451,1440,924616,1445,1468,1442,243308,353769832,902549,0,0,1568,1334,0,0,08/19/2022 22:14:17,0,1465,1030,1466,136,0,0,0,0,0,0,0,0,0,0,0,0,0,0,0,0,1454,20220819
20220819,FG301,,,1466,1451,1440,924616,1445,1468,1442,243372,353862888,902532,0,0,1568,1334,0,0,08/19/2022 22:14:18,0,1465,1034,1466,86,0,0,0,0,0,0,0,0,0,0,0,0,0,0,0,0,1454,20220819
20220819,FG301,,,1466,1451,1440,924616,1445,1468,1442,243378,353871612,902530,0,0,1568,1334,0,0,08/19/2022 22:14:18,0,1465,1032,1466,111,0,0,0,0,0,0,0,0,0,0,0,0,0,0,0,0,1454,20220819
20220819,FG301,,,1466,1451,1440,924616,1445,1468,1442,243501,354050454,902548,0,0,1568,1334,0,0,08/19/2022 22:14:19,0,1466,61,1467,886,0,0,0,0,0,0,0,0,0,0,0,0,0,0,0,0,1454,20220819
20220819,FG301,,,1467,1451,1440,924616,1445,1468,1442,243511,354064994,902542,0,0,1568,1334,0,0,08/19/2022 22:14:19,0,1466,162,1467,905,0,0,0,0,0,0,0,0,0,0,0,0,0,0,0,0,1454,20220819
20220819,FG301,,,1467,1451,1440,924616,1445,1468,1442,243514,354069356,902542,0,0,1568,1334,0,0,08/19/2022 22:14:19,0,1466,202,1467,907,0,0,0,0,0,0,0,0,0,0,0,0,0,0,0,0,1454,20220819
20220819,FG301,,,1467,1451,1440,924616,1445,1468,1442,243517,354073718,902542,0,0,1568,1334,0,0,08/19/2022 22:14:20,0,1466,250,1467,900,0,0,0,0,0,0,0,0,0,0,0,0,0,0,0,0,1454,20220819
20220819,FG301,,,1466,1451,1440,924616,1445,1468,1442,243539,354105706,902542,0,0,1568,1334,0,0,08/19/2022 22:14:21,0,1466,317,1467,906,0,0,0,0,0,0,0,0,0,0,0,0,0,0,0,0,1454,20220819
20220819,FG301,,,1466,1451,1440,924616,1445,1468,1442,243548,354118792,902541,0,0,1568,1334,0,0,08/19/2022 22:14:21,0,1466,313,1467,907,0,0,0,0,0,0,0,0,0,0,0,0,0,0,0,0,1454,20220819
20220819,FG301,,,1466,1451,1440,924616,1445,1468,1442,243578,354162412,902540,0,0,1568,1334,0,0,08/19/2022 22:14:22,0,1466,283,1467,914,0,0,0,0,0,0,0,0,0,0,0,0,0,0,0,0,1454,20220819
20220819,FG301,,,1466,1451,1440,924616,1445,1468,1442,243582,354168228,902538,0,0,1568,1334,0,0,08/19/2022 22:14:22,0,1466,284,1467,913,0,0,0,0,0,0,0,0,0,0,0,0,0,0,0,0,1454,20220819
20220819,FG301,,,1466,1451,1440,924616,1445,1468,1442,243584,354171136,902538,0,0,1568,1334,0,0,08/19/2022 22:14:23,0,1466,295,1467,915,0,0,0,0,0,0,0,0,0,0,0,0,0,0,0,0,1454,20220819
20220819,FG301,,,1466,1451,1440,924616,1445,1468,1442,243592,354182768,902541,0,0,1568,1334,0,0,08/19/2022 22:14:23,0,1466,294,1467,919,0,0,0,0,0,0,0,0,0,0,0,0,0,0,0,0,1454,20220819
20220819,FG301,,,1466,1451,1440,924616,1445,1468,1442,243614,354214756,902541,0,0,1568,1334,0,0,08/19/2022 22:14:24,0,1466,277,1467,934,0,0,0,0,0,0,0,0,0,0,0,0,0,0,0,0,1454,20220819
20220819,FG301,,,1466,1451,1440,924616,1445,1468,1442,243618,354220572,902544,0,0,1568,1334,0,0,08/19/2022 22:14:24,0,1466,220,1467,940,0,0,0,0,0,0,0,0,0,0,0,0,0,0,0,0,1454,20220819
20220819,FG301,,,1466,1451,1440,924616,1445,1468,1442,243626,354232204,902550,0,0,1568,1334,0,0,08/19/2022 22:14:25,0,1466,202,1467,930,0,0,0,0,0,0,0,0,0,0,0,0,0,0,0,0,1454,20220819
20220819,FG301,,,1467,1451,1440,924616,1445,1468,1442,243658,354278732,902555,0,0,1568,1334,0,0,08/19/2022 22:14:25,0,1466,178,1467,933,0,0,0,0,0,0,0,0,0,0,0,0,0,0,0,0,1454,20220819
20220819,FG301,,,1466,1451,1440,924616,1445,1468,1442,243661,354283094,902555,0,0,1568,1334,0,0,08/19/2022 22:14:26,0,1466,172,1467,1016,0,0,0,0,0,0,0,0,0,0,0,0,0,0,0,0,1454,20220819
20220819,FG301,,,1466,1451,1440,924616,1445,1468,1442,243668,354293272,902551,0,0,1568,1334,0,0,08/19/2022 22:14:26,0,1466,205,1467,1014,0,0,0,0,0,0,0,0,0,0,0,0,0,0,0,0,1454,20220819
20220819,FG301,,,1466,1451,1440,924616,1445,1468,1442,243678,354307812,902544,0,0,1568,1334,0,0,08/19/2022 22:14:27,0,1466,209,1467,1021,0,0,0,0,0,0,0,0,0,0,0,0,0,0,0,0,1454,20220819
20220819,FG301,,,1466,1451,1440,924616,1445,1468,1442,243687,354320898,902535,0,0,1568,1334,0,0,08/19/2022 22:14:27,0,1466,202,1467,1023,0,0,0,0,0,0,0,0,0,0,0,0,0,0,0,0,1454,20220819
20220819,FG301,,,1466,1451,1440,924616,1445,1468,1442,243705,354347070,902548,0,0,1568,1334,0,0,08/19/2022 22:14:28,0,1466,253,1467,1016,0,0,0,0,0,0,0,0,0,0,0,0,0,0,0,0,1454,20220819
20220819,FG301,,,1466,1451,1440,924616,1445,1468,1442,243709,354352886,902548,0,0,1568,1334,0,0,08/19/2022 22:14:28,0,1466,251,1467,1013,0,0,0,0,0,0,0,0,0,0,0,0,0,0,0,0,1454,20220819
20220819,FG301,,,1466,1451,1440,924616,1445,1468,1442,243741,354399414,902551,0,0,1568,1334,0,0,08/19/2022 22:14:29,0,1466,229,1467,1000,0,0,0,0,0,0,0,0,0,0,0,0,0,0,0,0,1454,20220819
20220819,FG301,,,1466,1451,1440,924616,1445,1468,1442,243745,354405230,902550,0,0,1568,1334,0,0,08/19/2022 22:14:29,0,1466,230,1467,1000,0,0,0,0,0,0,0,0,0,0,0,0,0,0,0,0,1454,20220819
20220819,FG301,,,1467,1451,1440,924616,1445,1468,1442,243748,354409592,902551,0,0,1568,1334,0,0,08/19/2022 22:14:30,0,1466,235,1467,1001,0,0,0,0,0,0,0,0,0,0,0,0,0,0,0,0,1454,20220819
20220819,FG301,,,1467,1451,1440,924616,1445,1468,1442,243749,354411046,902552,0,0,1568,1334,0,0,08/19/2022 22:14:30,0,1466,241,1467,1007,0,0,0,0,0,0,0,0,0,0,0,0,0,0,0,0,1454,20220819
20220819,FG301,,,1467,1451,1440,924616,1445,1468,1442,243785,354463390,902581,0,0,1568,1334,0,0,08/19/2022 22:14:31,0,1466,254,1467,967,0,0,0,0,0,0,0,0,0,0,0,0,0,0,0,0,1454,20220819
20220819,FG301,,,1467,1451,1440,924616,1445,1468,1442,243818,354511372,902559,0,0,1568,1334,0,0,08/19/2022 22:14:31,0,1466,336,1467,1001,0,0,0,0,0,0,0,0,0,0,0,0,0,0,0,0,1454,20220819
20220819,FG301,,,1467,1451,1440,924616,1445,1468,1442,243827,354524458,902557,0,0,1568,1334,0,0,08/19/2022 22:14:32,0,1466,329,1467,1000,0,0,0,0,0,0,0,0,0,0,0,0,0,0,0,0,1454,20220819
20220819,FG301,,,1467,1451,1440,924616,1445,1468,1442,243835,354536090,902557,0,0,1568,1334,0,0,08/19/2022 22:14:32,0,1466,332,1467,998,0,0,0,0,0,0,0,0,0,0,0,0,0,0,0,0,1454,20220819
20220819,FG301,,,1466,1451,1440,924616,1445,1468,1442,243842,354546268,902553,0,0,1568,1334,0,0,08/19/2022 22:14:33,0,1466,283,1467,998,0,0,0,0,0,0,0,0,0,0,0,0,0,0,0,0,1454,20220819
20220819,FG301,,,1466,1451,1440,924616,1445,1468,1442,243846,354552084,902554,0,0,1568,1334,0,0,08/19/2022 22:14:33,0,1466,281,1467,1001,0,0,0,0,0,0,0,0,0,0,0,0,0,0,0,0,1454,20220819
20220819,FG301,,,1466,1451,1440,924616,1445,1468,1442,243849,354556446,902557,0,0,1568,1334,0,0,08/19/2022 22:14:34,0,1466,290,1467,994,0,0,0,0,0,0,0,0,0,0,0,0,0,0,0,0,1454,20220819
20220819,FG301,,,1466,1451,1440,924616,1445,1468,1442,243860,354572440,902568,0,0,1568,1334,0,0,08/19/2022 22:14:34,0,1466,298,1467,994,0,0,0,0,0,0,0,0,0,0,0,0,0,0,0,0,1454,20220819
20220819,FG301,,,1466,1451,1440,924616,1445,1468,1442,244044,354839976,902518,0,0,1568,1334,0,0,08/19/2022 22:14:35,0,1466,331,1467,886,0,0,0,0,0,0,0,0,0,0,0,0,0,0,0,0,1454,20220819
20220819,FG301,,,1466,1451,1440,924616,1445,1468,1442,244047,354844338,902519,0,0,1568,1334,0,0,08/19/2022 22:14:35,0,1466,349,1467,891,0,0,0,0,0,0,0,0,0,0,0,0,0,0,0,0,1454,20220819
20220819,FG301,,,1466,1451,1440,924616,1445,1468,1442,244050,354848700,902518,0,0,1568,1334,0,0,08/19/2022 22:14:36,0,1466,349,1467,894,0,0,0,0,0,0,0,0,0,0,0,0,0,0,0,0,1454,20220819
20220819,FG301,,,1467,1451,1440,924616,1445,1468,1442,244056,354857424,902515,0,0,1568,1334,0,0,08/19/2022 22:14:36,0,1466,396,1467,900,0,0,0,0,0,0,0,0,0,0,0,0,0,0,0,0,1454,20220819
20220819,FG301,,,1466,1451,1440,924616,1445,1468,1442,244067,354873418,902513,0,0,1568,1334,0,0,08/19/2022 22:14:37,0,1466,393,1467,898,0,0,0,0,0,0,0,0,0,0,0,0,0,0,0,0,1454,20220819
20220819,FG301,,,1466,1451,1440,924616,1445,1468,1442,244070,354877780,902513,0,0,1568,1334,0,0,08/19/2022 22:14:37,0,1466,393,1467,896,0,0,0,0,0,0,0,0,0,0,0,0,0,0,0,0,1454,20220819
20220819,FG301,,,1466,1451,1440,924616,1445,1468,1442,244075,354885050,902512,0,0,1568,1334,0,0,08/19/2022 22:14:38,0,1466,390,1467,879,0,0,0,0,0,0,0,0,0,0,0,0,0,0,0,0,1454,20220819
20220819,FG301,,,1466,1451,1440,924616,1445,1468,1442,244117,354946118,902511,0,0,1568,1334,0,0,08/19/2022 22:14:38,0,1466,399,1467,839,0,0,0,0,0,0,0,0,0,0,0,0,0,0,0,0,1454,20220819
20220819,FG301,,,1466,1451,1440,924616,1445,1468,1442,244118,354947572,902511,0,0,1568,1334,0,0,08/19/2022 22:14:39,0,1466,433,1467,833,0,0,0,0,0,0,0,0,0,0,0,0,0,0,0,0,1454,20220819
20220819,FG301,,,1467,1451,1440,924616,1445,1468,1442,244124,354956296,902509,0,0,1568,1334,0,0,08/19/2022 22:14:39,0,1466,430,1467,832,0,0,0,0,0,0,0,0,0,0,0,0,0,0,0,0,1454,20220819
20220819,FG301,,,1466,1451,1440,924616,1445,1468,1442,244131,354966474,902507,0,0,1568,1334,0,0,08/19/2022 22:14:40,0,1466,424,1467,832,0,0,0,0,0,0,0,0,0,0,0,0,0,0,0,0,1454,20220819
20220819,FG301,,,1466,1451,1440,924616,1445,1468,1442,244136,354973744,902505,0,0,1568,1334,0,0,08/19/2022 22:14:40,0,1466,425,1467,836,0,0,0,0,0,0,0,0,0,0,0,0,0,0,0,0,1454,20220819
20220819,FG301,,,1467,1451,1440,924616,1445,1468,1442,244142,354982468,902503,0,0,1568,1334,0,0,08/19/2022 22:14:41,0,1466,424,1467,833,0,0,0,0,0,0,0,0,0,0,0,0,0,0,0,0,1454,20220819
20220819,FG301,,,1466,1451,1440,924616,1445,1468,1442,244145,354986830,902503,0,0,1568,1334,0,0,08/19/2022 22:14:41,0,1466,427,1467,833,0,0,0,0,0,0,0,0,0,0,0,0,0,0,0,0,1454,20220819
20220819,FG301,,,1467,1451,1440,924616,1445,1468,1442,244147,354989738,902501,0,0,1568,1334,0,0,08/19/2022 22:14:42,0,1466,378,1467,838,0,0,0,0,0,0,0,0,0,0,0,0,0,0,0,0,1454,20220819
20220819,FG301,,,1467,1451,1440,924616,1445,1468,1442,244148,354991192,902501,0,0,1568,1334,0,0,08/19/2022 22:14:42,0,1466,354,1467,869,0,0,0,0,0,0,0,0,0,0,0,0,0,0,0,0,1454,20220819
20220819,FG301,,,1467,1451,1440,924616,1445,1468,1442,244149,354992646,902501,0,0,1568,1334,0,0,08/19/2022 22:14:43,0,1466,357,1467,888,0,0,0,0,0,0,0,0,0,0,0,0,0,0,0,0,1454,20220819
20220819,FG301,,,1467,1451,1440,924616,1445,1468,1442,244152,354997008,902500,0,0,1568,1334,0,0,08/19/2022 22:14:43,0,1466,358,1467,889,0,0,0,0,0,0,0,0,0,0,0,0,0,0,0,0,1454,20220819
20220819,FG301,,,1467,1451,1440,924616,1445,1468,1442,244155,355001370,902500,0,0,1568,1334,0,0,08/19/2022 22:14:44,0,1466,365,1467,917,0,0,0,0,0,0,0,0,0,0,0,0,0,0,0,0,1454,20220819
20220819,FG301,,,1467,1451,1440,924616,1445,1468,1442,244174,355028996,902502,0,0,1568,1334,0,0,08/19/2022 22:14:44,0,1466,357,1467,909,0,0,0,0,0,0,0,0,0,0,0,0,0,0,0,0,1454,20220819
20220819,FG301,,,1467,1451,1440,924616,1445,1468,1442,244232,355113328,902532,0,0,1568,1334,0,0,08/19/2022 22:14:45,0,1466,350,1467,826,0,0,0,0,0,0,0,0,0,0,0,0,0,0,0,0,1454,20220819
20220819,FG301,,,1466,1451,1440,924616,1445,1468,1442,244244,355130776,902535,0,0,1568,1334,0,0,08/19/2022 22:14:45,0,1466,382,1467,844,0,0,0,0,0,0,0,0,0,0,0,0,0,0,0,0,1454,20220819
20220819,FG301,,,1466,1451,1440,924616,1445,1468,1442,244245,355132230,902535,0,0,1568,1334,0,0,08/19/2022 22:14:46,0,1466,382,1467,843,0,0,0,0,0,0,0,0,0,0,0,0,0,0,0,0,1454,20220819
20220819,FG301,,,1467,1451,1440,924616,1445,1468,1442,244261,355155494,902533,0,0,1568,1334,0,0,08/19/2022 22:14:46,0,1466,362,1467,841,0,0,0,0,0,0,0,0,0,0,0,0,0,0,0,0,1454,20220819
20220819,FG301,,,1466,1451,1440,924616,1445,1468,1442,244267,355164218,902534,0,0,1568,1334,0,0,08/19/2022 22:14:47,0,1466,370,1467,840,0,0,0,0,0,0,0,0,0,0,0,0,0,0,0,0,1454,20220819
20220819,FG301,,,1467,1451,1440,924616,1445,1468,1442,244271,355170034,902535,0,0,1568,1334,0,0,08/19/2022 22:14:47,0,1466,368,1467,839,0,0,0,0,0,0,0,0,0,0,0,0,0,0,0,0,1454,20220819
20220819,FG301,,,1467,1451,1440,924616,1445,1468,1442,244272,355171488,902536,0,0,1568,1334,0,0,08/19/2022 22:14:48,0,1466,369,1467,845,0,0,0,0,0,0,0,0,0,0,0,0,0,0,0,0,1454,20220819
20220819,FG301,,,1467,1451,1440,924616,1445,1468,1442,244272,355171488,902536,0,0,1568,1334,0,0,08/19/2022 22:14:48,0,1466,372,1467,847,0,0,0,0,0,0,0,0,0,0,0,0,0,0,0,0,1454,20220819
20220819,FG301,,,1466,1451,1440,924616,1445,1468,1442,244280,355183120,902537,0,0,1568,1334,0,0,08/19/2022 22:14:49,0,1466,362,1467,852,0,0,0,0,0,0,0,0,0,0,0,0,0,0,0,0,1454,20220819
20220819,FG301,,,1467,1451,1440,924616,1445,1468,1442,244290,355197660,902547,0,0,1568,1334,0,0,08/19/2022 22:14:49,0,1466,355,1467,859,0,0,0,0,0,0,0,0,0,0,0,0,0,0,0,0,1454,20220819
20220819,FG301,,,1467,1451,1440,924616,1445,1468,1442,244291,355199114,902548,0,0,1568,1334,0,0,08/19/2022 22:14:50,0,1466,356,1467,860,0,0,0,0,0,0,0,0,0,0,0,0,0,0,0,0,1454,20220819
20220819,FG301,,,1466,1451,1440,924616,1445,1468,1442,244293,355202022,902548,0,0,1568,1334,0,0,08/19/2022 22:14:50,0,1466,356,1467,873,0,0,0,0,0,0,0,0,0,0,0,0,0,0,0,0,1454,20220819
20220819,FG301,,,1466,1451,1440,924616,1445,1468,1442,244296,355206384,902550,0,0,1568,1334,0,0,08/19/2022 22:14:51,0,1466,355,1467,874,0,0,0,0,0,0,0,0,0,0,0,0,0,0,0,0,1454,20220819
20220819,FG301,,,1467,1451,1440,924616,1445,1468,1442,244301,355213654,902550,0,0,1568,1334,0,0,08/19/2022 22:14:51,0,1466,355,1467,878,0,0,0,0,0,0,0,0,0,0,0,0,0,0,0,0,1454,20220819
20220819,FG301,,,1467,1451,1440,924616,1445,1468,1442,244304,355218016,902553,0,0,1568,1334,0,0,08/19/2022 22:14:51,0,1466,357,1467,875,0,0,0,0,0,0,0,0,0,0,0,0,0,0,0,0,1454,20220819
20220819,FG301,,,1467,1451,1440,924616,1445,1468,1442,244311,355228194,902558,0,0,1568,1334,0,0,08/19/2022 22:14:52,0,1466,353,1467,871,0,0,0,0,0,0,0,0,0,0,0,0,0,0,0,0,1454,20220819
20220819,FG301,,,1466,1451,1440,924616,1445,1468,1442,244319,355239826,902552,0,0,1568,1334,0,0,08/19/2022 22:14:53,0,1466,322,1467,869,0,0,0,0,0,0,0,0,0,0,0,0,0,0,0,0,1454,20220819
20220819,FG301,,,1466,1451,1440,924616,1445,1468,1442,244325,355248550,902546,0,0,1568,1334,0,0,08/19/2022 22:14:53,0,1466,322,1467,866,0,0,0,0,0,0,0,0,0,0,0,0,0,0,0,0,1454,20220819
20220819,FG301,,,1466,1451,1440,924616,1445,1468,1442,244338,355267452,902535,0,0,1568,1334,0,0,08/19/2022 22:14:54,0,1466,315,1467,857,0,0,0,0,0,0,0,0,0,0,0,0,0,0,0,0,1454,20220819
20220819,FG301,,,1467,1451,1440,924616,1445,1468,1442,244351,355286354,902528,0,0,1568,1334,0,0,08/19/2022 22:14:54,0,1466,312,1467,846,0,0,0,0,0,0,0,0,0,0,0,0,0,0,0,0,1454,20220819
20220819,FG301,,,1466,1451,1440,924616,1445,1468,1442,244358,355296532,902529,0,0,1568,1334,0,0,08/19/2022 22:14:55,0,1466,307,1467,858,0,0,0,0,0,0,0,0,0,0,0,0,0,0,0,0,1454,20220819
20220819,FG301,,,1467,1451,1440,924616,1445,1468,1442,244381,355329974,902519,0,0,1568,1334,0,0,08/19/2022 22:14:55,0,1466,305,1467,839,0,0,0,0,0,0,0,0,0,0,0,0,0,0,0,0,1454,20220819
20220819,FG301,,,1466,1451,1440,924616,1445,1468,1442,244383,355332882,902520,0,0,1568,1334,0,0,08/19/2022 22:14:55,0,1466,306,1467,837,0,0,0,0,0,0,0,0,0,0,0,0,0,0,0,0,1454,20220819
20220819,FG301,,,1466,1451,1440,924616,1445,1468,1442,244384,355334336,902521,0,0,1568,1334,0,0,08/19/2022 22:14:56,0,1466,306,1467,837,0,0,0,0,0,0,0,0,0,0,0,0,0,0,0,0,1454,20220819
20220819,FG301,,,1467,1451,1440,924616,1445,1468,1442,244385,355335790,902520,0,0,1568,1334,0,0,08/19/2022 22:14:57,0,1466,305,1467,835,0,0,0,0,0,0,0,0,0,0,0,0,0,0,0,0,1454,20220819
20220819,FG301,,,1466,1451,1440,924616,1445,1468,1442,244386,355337244,902521,0,0,1568,1334,0,0,08/19/2022 22:14:57,0,1466,308,1467,837,0,0,0,0,0,0,0,0,0,0,0,0,0,0,0,0,1454,20220819
20220819,FG301,,,1466,1451,1440,924616,1445,1468,1442,244393,355347422,902527,0,0,1568,1334,0,0,08/19/2022 22:14:58,0,1466,302,1467,852,0,0,0,0,0,0,0,0,0,0,0,0,0,0,0,0,1454,20220819
20220819,FG301,,,1467,1451,1440,924616,1445,1468,1442,244455,355437570,902546,0,0,1568,1334,0,0,08/19/2022 22:14:58,0,1466,294,1467,802,0,0,0,0,0,0,0,0,0,0,0,0,0,0,0,0,1454,20220819
20220819,FG301,,,1466,1451,1440,924616,1445,1468,1442,244461,355446294,902540,0,0,1568,1334,0,0,08/19/2022 22:14:59,0,1466,292,1467,800,0,0,0,0,0,0,0,0,0,0,0,0,0,0,0,0,1454,20220819
20220819,FG301,,,1466,1451,1440,924616,1445,1468,1442,244468,355456472,902538,0,0,1568,1334,0,0,08/19/2022 22:14:59,0,1466,328,1467,799,0,0,0,0,0,0,0,0,0,0,0,0,0,0,0,0,1454,20220819
20220819,FG301,,,1467,1451,1440,924616,1445,1468,1442,244516,355526264,902538,0,0,1568,1334,0,0,08/19/2022 22:15:00,0,1466,293,1467,792,0,0,0,0,0,0,0,0,0,0,0,0,0,0,0,0,1454,20220819
20220819,FG301,,,1466,1451,1440,924616,1445,1468,1442,244662,355738548,902502,0,0,1568,1334,0,0,08/19/2022 22:15:00,0,1466,196,1467,757,0,0,0,0,0,0,0,0,0,0,0,0,0,0,0,0,1454,20220819
20220819,FG301,,,1465,1451,1440,924616,1445,1468,1442,244870,356285850,902429,0,0,1568,1334,0,0,08/19/2022 22:15:01,0,1465,1035,1466,103,0,0,0,0,0,0,0,0,0,0,0,0,0,0,0,0,1455,20220819
20220819,FG301,,,1466,1451,1440,924616,1445,1468,1442,244892,356317860,902442,0,0,1568,1334,0,0,08/19/2022 22:15:01,0,1465,1065,1466,132,0,0,0,0,0,0,0,0,0,0,0,0,0,0,0,0,1455,20220819
20220819,FG301,,,1466,1451,1440,924616,1445,1468,1442,244925,356365875,902471,0,0,1568,1334,0,0,08/19/2022 22:15:02,0,1465,1065,1466,95,0,0,0,0,0,0,0,0,0,0,0,0,0,0,0,0,1455,20220819
20220819,FG301,,,1465,1451,1440,924616,1445,1468,1442,244935,356380425,902465,0,0,1568,1334,0,0,08/19/2022 22:15:02,0,1465,1079,1466,107,0,0,0,0,0,0,0,0,0,0,0,0,0,0,0,0,1455,20220819
20220819,FG301,,,1466,1451,1440,924616,1445,1468,1442,244948,356399340,902469,0,0,1568,1334,0,0,08/19/2022 22:15:03,0,1465,1077,1466,154,0,0,0,0,0,0,0,0,0,0,0,0,0,0,0,0,1455,20220819
20220819,FG301,,,1466,1451,1440,924616,1445,1468,1442,245094,356611770,902473,0,0,1568,1334,0,0,08/19/2022 22:15:03,0,1466,96,1467,762,0,0,0,0,0,0,0,0,0,0,0,0,0,0,0,0,1455,20220819
20220819,FG301,,,1466,1451,1440,924616,1445,1468,1442,245102,356623410,902475,0,0,1568,1334,0,0,08/19/2022 22:15:04,0,1466,510,1467,763,0,0,0,0,0,0,0,0,0,0,0,0,0,0,0,0,1455,20220819
20220819,FG301,,,1466,1451,1440,924616,1445,1468,1442,245109,356633595,902477,0,0,1568,1334,0,0,08/19/2022 22:15:04,0,1466,541,1467,755,0,0,0,0,0,0,0,0,0,0,0,0,0,0,0,0,1455,20220819
20220819,FG301,,,1466,1451,1440,924616,1445,1468,1442,245116,356643780,902476,0,0,1568,1334,0,0,08/19/2022 22:15:05,0,1466,542,1467,750,0,0,0,0,0,0,0,0,0,0,0,0,0,0,0,0,1455,20220819
20220819,FG301,,,1466,1451,1440,924616,1445,1468,1442,245126,356658330,902479,0,0,1568,1334,0,0,08/19/2022 22:15:05,0,1466,535,1467,752,0,0,0,0,0,0,0,0,0,0,0,0,0,0,0,0,1455,20220819
20220819,FG301,,,1467,1451,1440,924616,1445,1468,1442,245150,356693250,902473,0,0,1568,1334,0,0,08/19/2022 22:15:06,0,1466,521,1467,780,0,0,0,0,0,0,0,0,0,0,0,0,0,0,0,0,1455,20220819
20220819,FG301,,,1466,1451,1440,924616,1445,1468,1442,245170,356722350,902477,0,0,1568,1334,0,0,08/19/2022 22:15:06,0,1466,542,1467,770,0,0,0,0,0,0,0,0,0,0,0,0,0,0,0,0,1455,20220819
20220819,FG301,,,1466,1451,1440,924616,1445,1468,1442,245180,356736900,902469,0,0,1568,1334,0,0,08/19/2022 22:15:07,0,1466,534,1467,780,0,0,0,0,0,0,0,0,0,0,0,0,0,0,0,0,1455,20220819
20220819,FG301,,,1466,1451,1440,924616,1445,1468,1442,245184,356742720,902467,0,0,1568,1334,0,0,08/19/2022 22:15:07,0,1466,530,1467,781,0,0,0,0,0,0,0,0,0,0,0,0,0,0,0,0,1455,20220819
20220819,FG301,,,1466,1451,1440,924616,1445,1468,1442,245188,356748540,902466,0,0,1568,1334,0,0,08/19/2022 22:15:08,0,1466,507,1467,829,0,0,0,0,0,0,0,0,0,0,0,0,0,0,0,0,1455,20220819
20220819,FG301,,,1466,1451,1440,924616,1445,1468,1442,245195,356758725,902463,0,0,1568,1334,0,0,08/19/2022 22:15:08,0,1466,501,1467,829,0,0,0,0,0,0,0,0,0,0,0,0,0,0,0,0,1455,20220819
20220819,FG301,,,1466,1451,1440,924616,1445,1468,1442,245200,356766000,902459,0,0,1568,1334,0,0,08/19/2022 22:15:09,0,1466,498,1467,843,0,0,0,0,0,0,0,0,0,0,0,0,0,0,0,0,1455,20220819
20220819,FG301,,,1466,1451,1440,924616,1445,1468,1442,245205,356773275,902459,0,0,1568,1334,0,0,08/19/2022 22:15:09,0,1466,498,1467,844,0,0,0,0,0,0,0,0,0,0,0,0,0,0,0,0,1455,20220819
20220819,FG301,,,1467,1451,1440,924616,1445,1468,1442,245214,356786370,902460,0,0,1568,1334,0,0,08/19/2022 22:15:10,0,1466,491,1467,858,0,0,0,0,0,0,0,0,0,0,0,0,0,0,0,0,1455,20220819
20220819,FG301,,,1466,1451,1440,924616,1445,1468,1442,245238,356821290,902457,0,0,1568,1334,0,0,08/19/2022 22:15:10,0,1466,497,1467,853,0,0,0,0,0,0,0,0,0,0,0,0,0,0,0,0,1455,20220819
20220819,FG301,,,1467,1451,1440,924616,1445,1468,1442,245313,356930415,902517,0,0,1568,1334,0,0,08/19/2022 22:15:11,0,1466,474,1467,802,0,0,0,0,0,0,0,0,0,0,0,0,0,0,0,0,1455,20220819
20220819,FG301,,,1467,1451,1440,924616,1445,1468,1442,245341,356971155,902508,0,0,1568,1334,0,0,08/19/2022 22:15:11,0,1466,472,1467,767,0,0,0,0,0,0,0,0,0,0,0,0,0,0,0,0,1455,20220819
20220819,FG301,,,1466,1451,1440,924616,1445,1468,1442,245345,356976975,902509,0,0,1568,1334,0,0,08/19/2022 22:15:12,0,1466,472,1467,773,0,0,0,0,0,0,0,0,0,0,0,0,0,0,0,0,1455,20220819
20220819,FG301,,,1466,1451,1440,924616,1445,1468,1442,245383,357032265,902487,0,0,1568,1334,0,0,08/19/2022 22:15:12,0,1466,462,1467,797,0,0,0,0,0,0,0,0,0,0,0,0,0,0,0,0,1455,20220819
20220819,FG301,,,1467,1451,1440,924616,1445,1468,1442,245389,357040995,902486,0,0,1568,1334,0,0,08/19/2022 22:15:13,0,1466,460,1467,800,0,0,0,0,0,0,0,0,0,0,0,0,0,0,0,0,1455,20220819
20220819,FG301,,,1467,1451,1440,924616,1445,1468,1442,245389,357040995,902486,0,0,1568,1334,0,0,08/19/2022 22:15:13,0,1466,460,1467,802,0,0,0,0,0,0,0,0,0,0,0,0,0,0,0,0,1455,20220819
20220819,FG301,,,1466,1451,1440,924616,1445,1468,1442,245395,357049725,902480,0,0,1568,1334,0,0,08/19/2022 22:15:14,0,1466,456,1467,814,0,0,0,0,0,0,0,0,0,0,0,0,0,0,0,0,1455,20220819
20220819,FG301,,,1466,1451,1440,924616,1445,1468,1442,245405,357064275,902486,0,0,1568,1334,0,0,08/19/2022 22:15:14,0,1466,447,1467,820,0,0,0,0,0,0,0,0,0,0,0,0,0,0,0,0,1455,20220819
20220819,FG301,,,1467,1451,1440,924616,1445,1468,1442,245428,357097740,902490,0,0,1568,1334,0,0,08/19/2022 22:15:15,0,1466,430,1467,813,0,0,0,0,0,0,0,0,0,0,0,0,0,0,0,0,1455,20220819
20220819,FG301,,,1466,1451,1440,924616,1445,1468,1442,245434,357106470,902490,0,0,1568,1334,0,0,08/19/2022 22:15:15,0,1466,424,1467,816,0,0,0,0,0,0,0,0,0,0,0,0,0,0,0,0,1455,20220819
20220819,FG301,,,1466,1451,1440,924616,1445,1468,1442,245436,357109380,902490,0,0,1568,1334,0,0,08/19/2022 22:15:16,0,1466,424,1467,828,0,0,0,0,0,0,0,0,0,0,0,0,0,0,0,0,1455,20220819
20220819,FG301,,,1467,1451,1440,924616,1445,1468,1442,246279,358335945,902056,0,0,1568,1334,0,0,08/19/2022 22:15:16,0,1467,489,1468,1327,0,0,0,0,0,0,0,0,0,0,0,0,0,0,0,0,1455,20220819
20220819,FG301,,,1467,1451,1440,924616,1445,1468,1442,246281,358338855,902054,0,0,1568,1334,0,0,08/19/2022 22:15:17,0,1467,717,1468,1319,0,0,0,0,0,0,0,0,0,0,0,0,0,0,0,0,1455,20220819
20220819,FG301,,,1467,1451,1440,924616,1445,1468,1442,246283,358341765,902053,0,0,1568,1334,0,0,08/19/2022 22:15:17,0,1467,737,1468,1320,0,0,0,0,0,0,0,0,0,0,0,0,0,0,0,0,1455,20220819
20220819,FG301,,,1467,1451,1440,924616,1445,1468,1442,246288,358349040,902048,0,0,1568,1334,0,0,08/19/2022 22:15:18,0,1467,733,1468,1323,0,0,0,0,0,0,0,0,0,0,0,0,0,0,0,0,1455,20220819
20220819,FG301,,,1467,1451,1440,924616,1445,1468,1442,246362,358456710,901984,0,0,1568,1334,0,0,08/19/2022 22:15:18,0,1467,659,1468,1324,0,0,0,0,0,0,0,0,0,0,0,0,0,0,0,0,1455,20220819
20220819,FG301,,,1467,1451,1440,924616,1445,1468,1442,246510,358672050,901981,0,0,1568,1334,0,0,08/19/2022 22:15:19,0,1467,633,1468,1303,0,0,0,0,0,0,0,0,0,0,0,0,0,0,0,0,1455,20220819
20220819,FG301,,,1467,1451,1440,924616,1445,1468,1442,246517,358682235,901980,0,0,1568,1334,0,0,08/19/2022 22:15:19,0,1467,648,1468,1294,0,0,0,0,0,0,0,0,0,0,0,0,0,0,0,0,1455,20220819
20220819,FG301,,,1467,1451,1440,924616,1445,1468,1442,246523,358690965,901979,0,0,1568,1334,0,0,08/19/2022 22:15:20,0,1467,643,1468,1297,0,0,0,0,0,0,0,0,0,0,0,0,0,0,0,0,1455,20220819
20220819,FG301,,,1468,1451,1440,924616,1445,1468,1442,246536,358709880,901971,0,0,1568,1334,0,0,08/19/2022 22:15:20,0,1467,633,1468,1294,0,0,0,0,0,0,0,0,0,0,0,0,0,0,0,0,1455,20220819
20220819,FG301,,,1467,1451,1440,924616,1445,1468,1442,246550,358730250,901960,0,0,1568,1334,0,0,08/19/2022 22:15:21,0,1467,311,1468,1299,0,0,0,0,0,0,0,0,0,0,0,0,0,0,0,0,1455,20220819
20220819,FG301,,,1467,1451,1440,924616,1445,1468,1442,246556,358738980,901958,0,0,1568,1334,0,0,08/19/2022 22:15:21,0,1467,306,1468,1295,0,0,0,0,0,0,0,0,0,0,0,0,0,0,0,0,1455,20220819
20220819,FG301,,,1467,1451,1440,924616,1445,1468,1442,246562,358747710,901954,0,0,1568,1334,0,0,08/19/2022 22:15:22,0,1467,305,1468,1293,0,0,0,0,0,0,0,0,0,0,0,0,0,0,0,0,1455,20220819
20220819,FG301,,,1468,1451,1440,924616,1445,1468,1442,246564,358750620,901954,0,0,1568,1334,0,0,08/19/2022 22:15:22,0,1467,305,1468,1279,0,0,0,0,0,0,0,0,0,0,0,0,0,0,0,0,1455,20220819
20220819,FG301,,,1467,1451,1440,924616,1445,1468,1442,246576,358768080,901963,0,0,1568,1334,0,0,08/19/2022 22:15:23,0,1467,295,1468,1278,0,0,0,0,0,0,0,0,0,0,0,0,0,0,0,0,1455,20220819
20220819,FG301,,,1467,1451,1440,924616,1445,1468,1442,246619,358830645,901956,0,0,1568,1334,0,0,08/19/2022 22:15:23,0,1467,279,1468,1263,0,0,0,0,0,0,0,0,0,0,0,0,0,0,0,0,1455,20220819
20220819,FG301,,,1468,1451,1440,924616,1445,1468,1442,246629,358845195,901957,0,0,1568,1334,0,0,08/19/2022 22:15:24,0,1467,283,1468,1257,0,0,0,0,0,0,0,0,0,0,0,0,0,0,0,0,1455,20220819
20220819,FG301,,,1467,1451,1440,924616,1445,1468,1442,246630,358846650,901958,0,0,1568,1334,0,0,08/19/2022 22:15:24,0,1467,289,1468,1266,0,0,0,0,0,0,0,0,0,0,0,0,0,0,0,0,1455,20220819
20220819,FG301,,,1468,1451,1440,924616,1445,1468,1442,246636,358855380,901962,0,0,1568,1334,0,0,08/19/2022 22:15:25,0,1467,298,1468,1264,0,0,0,0,0,0,0,0,0,0,0,0,0,0,0,0,1455,20220819
20220819,FG301,,,1467,1451,1440,924616,1445,1468,1442,246637,358856835,901962,0,0,1568,1334,0,0,08/19/2022 22:15:25,0,1467,298,1468,1266,0,0,0,0,0,0,0,0,0,0,0,0,0,0,0,0,1455,20220819
20220819,FG301,,,1468,1451,1440,924616,1445,1468,1442,246640,358861200,901960,0,0,1568,1334,0,0,08/19/2022 22:15:26,0,1467,298,1468,1264,0,0,0,0,0,0,0,0,0,0,0,0,0,0,0,0,1455,20220819
20220819,FG301,,,1467,1451,1440,924616,1445,1468,1442,246684,358925220,901926,0,0,1568,1334,0,0,08/19/2022 22:15:26,0,1467,304,1468,1224,0,0,0,0,0,0,0,0,0,0,0,0,0,0,0,0,1455,20220819
20220819,FG301,,,1468,1451,1440,924616,1445,1468,1442,246698,358945590,901929,0,0,1568,1334,0,0,08/19/2022 22:15:26,0,1467,302,1468,1214,0,0,0,0,0,0,0,0,0,0,0,0,0,0,0,0,1455,20220819
20220819,FG301,,,1468,1451,1440,924616,1445,1468,1442,246705,358955775,901927,0,0,1568,1334,0,0,08/19/2022 22:15:27,0,1467,297,1468,1219,0,0,0,0,0,0,0,0,0,0,0,0,0,0,0,0,1455,20220819
20220819,FG301,,,1468,1451,1440,924616,1445,1468,1442,246711,358964505,901924,0,0,1568,1334,0,0,08/19/2022 22:15:28,0,1467,298,1468,1213,0,0,0,0,0,0,0,0,0,0,0,0,0,0,0,0,1455,20220819
20220819,FG301,,,1467,1451,1440,924616,1445,1468,1442,246767,359045985,901976,0,0,1568,1334,0,0,08/19/2022 22:15:28,0,1467,253,1468,1219,0,0,0,0,0,0,0,0,0,0,0,0,0,0,0,0,1455,20220819
20220819,FG301,,,1467,1451,1440,924616,1445,1468,1442,246801,359095455,901981,0,0,1568,1334,0,0,08/19/2022 22:15:29,0,1467,223,1468,1217,0,0,0,0,0,0,0,0,0,0,0,0,0,0,0,0,1455,20220819
20220819,FG301,,,1468,1451,1440,924616,1445,1468,1442,247051,359459205,901867,0,0,1568,1334,0,0,08/19/2022 22:15:29,0,1467,236,1468,970,0,0,0,0,0,0,0,0,0,0,0,0,0,0,0,0,1455,20220819
20220819,FG301,,,1468,1451,1440,924616,1445,1468,1442,247290,359806950,901661,0,0,1568,1334,0,0,08/19/2022 22:15:30,0,1467,265,1468,733,0,0,0,0,0,0,0,0,0,0,0,0,0,0,0,0,1455,20220819
20220819,FG301,,,1467,1451,1440,924616,1445,1468,1442,247319,359849145,901663,0,0,1568,1334,0,0,08/19/2022 22:15:30,0,1467,306,1468,716,0,0,0,0,0,0,0,0,0,0,0,0,0,0,0,0,1455,20220819
20220819,FG301,,,1467,1451,1440,924616,1445,1468,1442,247327,359860785,901665,0,0,1568,1334,0,0,08/19/2022 22:15:31,0,1467,312,1468,725,0,0,0,0,0,0,0,0,0,0,0,0,0,0,0,0,1455,20220819
20220819,FG301,,,1468,1451,1440,924616,1445,1468,1442,247345,359886975,901659,0,0,1568,1334,0,0,08/19/2022 22:15:31,0,1467,288,1468,715,0,0,0,0,0,0,0,0,0,0,0,0,0,0,0,0,1455,20220819
20220819,FG301,,,1467,1451,1440,924616,1445,1468,1442,247355,359901525,901657,0,0,1568,1334,0,0,08/19/2022 22:15:32,0,1467,276,1468,712,0,0,0,0,0,0,0,0,0,0,0,0,0,0,0,0,1455,20220819
20220819,FG301,,,1467,1451,1440,924616,1445,1468,1442,247360,359908800,901656,0,0,1568,1334,0,0,08/19/2022 22:15:32,0,1467,275,1468,711,0,0,0,0,0,0,0,0,0,0,0,0,0,0,0,0,1455,20220819
20220819,FG301,,,1468,1451,1440,924616,1445,1468,1442,247363,359913165,901655,0,0,1568,1334,0,0,08/19/2022 22:15:33,0,1467,274,1468,716,0,0,0,0,0,0,0,0,0,0,0,0,0,0,0,0,1455,20220819
20220819,FG301,,,1468,1451,1440,924616,1445,1468,1442,247366,359917530,901655,0,0,1568,1334,0,0,08/19/2022 22:15:33,0,1467,273,1468,716,0,0,0,0,0,0,0,0,0,0,0,0,0,0,0,0,1455,20220819
20220819,FG301,,,1468,1451,1440,924616,1445,1468,1442,247427,360006285,901657,0,0,1568,1334,0,0,08/19/2022 22:15:34,0,1467,269,1468,665,0,0,0,0,0,0,0,0,0,0,0,0,0,0,0,0,1455,20220819
20220819,FG301,,,1467,1451,1440,924616,1445,1468,1442,247432,360013560,901655,0,0,1568,1334,0,0,08/19/2022 22:15:34,0,1467,271,1468,668,0,0,0,0,0,0,0,0,0,0,0,0,0,0,0,0,1455,20220819
20220819,FG301,,,1467,1451,1440,924616,1445,1468,1442,247435,360017925,901655,0,0,1568,1334,0,0,08/19/2022 22:15:35,0,1467,271,1468,672,0,0,0,0,0,0,0,0,0,0,0,0,0,0,0,0,1455,20220819
20220819,FG301,,,1468,1451,1440,924616,1445,1468,1442,247449,360038295,901662,0,0,1568,1334,0,0,08/19/2022 22:15:35,0,1467,261,1468,674,0,0,0,0,0,0,0,0,0,0,0,0,0,0,0,0,1455,20220819
20220819,FG301,,,1467,1451,1440,924616,1445,1468,1442,247456,360048480,901662,0,0,1568,1334,0,0,08/19/2022 22:15:36,0,1467,259,1468,678,0,0,0,0,0,0,0,0,0,0,0,0,0,0,0,0,1455,20220819
20220819,FG301,,,1467,1451,1440,924616,1445,1468,1442,247462,360057210,901666,0,0,1568,1334,0,0,08/19/2022 22:15:36,0,1467,263,1468,679,0,0,0,0,0,0,0,0,0,0,0,0,0,0,0,0,1455,20220819
20220819,FG301,,,1467,1451,1440,924616,1445,1468,1442,247480,360083400,901652,0,0,1568,1334,0,0,08/19/2022 22:15:37,0,1467,277,1468,668,0,0,0,0,0,0,0,0,0,0,0,0,0,0,0,0,1455,20220819
20220819,FG301,,,1468,1451,1440,924616,1445,1468,1442,247487,360093585,901655,0,0,1568,1334,0,0,08/19/2022 22:15:37,0,1467,273,1468,667,0,0,0,0,0,0,0,0,0,0,0,0,0,0,0,0,1455,20220819
20220819,FG301,,,1468,1451,1440,924616,1445,1468,1442,247508,360124140,901640,0,0,1568,1334,0,0,08/19/2022 22:15:38,0,1467,275,1468,652,0,0,0,0,0,0,0,0,0,0,0,0,0,0,0,0,1455,20220819
20220819,FG301,,,1468,1451,1440,924616,1445,1468,1442,247530,360156150,901639,0,0,1568,1334,0,0,08/19/2022 22:15:38,0,1467,274,1468,639,0,0,0,0,0,0,0,0,0,0,0,0,0,0,0,0,1455,20220819
20220819,FG301,,,1468,1451,1440,924616,1445,1468,1442,247543,360175065,901639,0,0,1568,1334,0,0,08/19/2022 22:15:39,0,1467,298,1468,652,0,0,0,0,0,0,0,0,0,0,0,0,0,0,0,0,1455,20220819
20220819,FG301,,,1468,1451,1440,924616,1445,1468,1442,247562,360202710,901630,0,0,1568,1334,0,0,08/19/2022 22:15:39,0,1467,292,1468,637,0,0,0,0,0,0,0,0,0,0,0,0,0,0,0,0,1455,20220819
20220819,FG301,,,1468,1451,1440,924616,1445,1468,1442,247568,360211440,901630,0,0,1568,1334,0,0,08/19/2022 22:15:40,0,1467,305,1468,786,0,0,0,0,0,0,0,0,0,0,0,0,0,0,0,0,1455,20220819
20220819,FG301,,,1468,1451,1440,924616,1445,1468,1442,247579,360227445,901622,0,0,1568,1334,0,0,08/19/2022 22:15:40,0,1467,307,1468,779,0,0,0,0,0,0,0,0,0,0,0,0,0,0,0,0,1455,20220819
20220819,FG301,,,1467,1451,1440,924616,1445,1468,1442,247584,360234720,901619,0,0,1568,1334,0,0,08/19/2022 22:15:41,0,1467,316,1468,777,0,0,0,0,0,0,0,0,0,0,0,0,0,0,0,0,1455,20220819
20220819,FG301,,,1468,1451,1440,924616,1445,1468,1442,247600,360258000,901619,0,0,1568,1334,0,0,08/19/2022 22:15:41,0,1467,320,1468,766,0,0,0,0,0,0,0,0,0,0,0,0,0,0,0,0,1455,20220819
20220819,FG301,,,1467,1451,1440,924616,1445,1468,1442,247617,360282735,901626,0,0,1568,1334,0,0,08/19/2022 22:15:42,0,1467,308,1468,767,0,0,0,0,0,0,0,0,0,0,0,0,0,0,0,0,1455,20220819
20220819,FG301,,,1468,1451,1440,924616,1445,1468,1442,247626,360295830,901620,0,0,1568,1334,0,0,08/19/2022 22:15:42,0,1467,310,1468,763,0,0,0,0,0,0,0,0,0,0,0,0,0,0,0,0,1455,20220819
20220819,FG301,,,1468,1451,1440,924616,1445,1468,1442,247700,360403500,901591,0,0,1568,1334,0,0,08/19/2022 22:15:43,0,1467,317,1468,701,0,0,0,0,0,0,0,0,0,0,0,0,0,0,0,0,1455,20220819
20220819,FG301,,,1468,1451,1440,924616,1445,1468,1442,247707,360413685,901592,0,0,1568,1334,0,0,08/19/2022 22:15:43,0,1467,318,1468,719,0,0,0,0,0,0,0,0,0,0,0,0,0,0,0,0,1455,20220819
20220819,FG301,,,1468,1451,1440,924616,1445,1468,1442,247707,360413685,901592,0,0,1568,1334,0,0,08/19/2022 22:15:44,0,1467,336,1468,749,0,0,0,0,0,0,0,0,0,0,0,0,0,0,0,0,1455,20220819
20220819,FG301,,,1467,1451,1440,924616,1445,1468,1442,247718,360429690,901591,0,0,1568,1334,0,0,08/19/2022 22:15:44,0,1467,319,1468,749,0,0,0,0,0,0,0,0,0,0,0,0,0,0,0,0,1455,20220819
20220819,FG301,,,1467,1451,1440,924616,1445,1468,1442,247720,360432600,901592,0,0,1568,1334,0,0,08/19/2022 22:15:45,0,1467,323,1468,762,0,0,0,0,0,0,0,0,0,0,0,0,0,0,0,0,1455,20220819
20220819,FG301,,,1467,1451,1440,924616,1445,1468,1442,247771,360506805,901610,0,0,1568,1334,0,0,08/19/2022 22:15:45,0,1467,324,1468,715,0,0,0,0,0,0,0,0,0,0,0,0,0,0,0,0,1455,20220819
20220819,FG301,,,1468,1451,1440,924616,1445,1468,1442,247804,360554820,901578,0,0,1568,1334,0,0,08/19/2022 22:15:46,0,1467,339,1468,683,0,0,0,0,0,0,0,0,0,0,0,0,0,0,0,0,1455,20220819
20220819,FG301,,,1467,1451,1440,924616,1445,1468,1442,247810,360563550,901578,0,0,1568,1334,0,0,08/19/2022 22:15:46,0,1467,340,1468,683,0,0,0,0,0,0,0,0,0,0,0,0,0,0,0,0,1455,20220819
20220819,FG301,,,1468,1451,1440,924616,1445,1468,1442,247876,360659580,901548,0,0,1568,1334,0,0,08/19/2022 22:15:47,0,1467,338,1468,623,0,0,0,0,0,0,0,0,0,0,0,0,0,0,0,0,1455,20220819
20220819,FG301,,,1467,1451,1440,924616,1445,1468,1442,247881,360666855,901549,0,0,1568,1334,0,0,08/19/2022 22:15:47,0,1467,340,1468,621,0,0,0,0,0,0,0,0,0,0,0,0,0,0,0,0,1455,20220819
20220819,FG301,,,1467,1451,1440,924616,1445,1468,1442,247990,360825450,901521,0,0,1568,1334,0,0,08/19/2022 22:15:48,0,1467,325,1468,524,0,0,0,0,0,0,0,0,0,0,0,0,0,0,0,0,1455,20220819
20220819,FG301,,,1467,1451,1440,924616,1445,1468,1442,248009,360853095,901519,0,0,1568,1334,0,0,08/19/2022 22:15:48,0,1467,349,1468,523,0,0,0,0,0,0,0,0,0,0,0,0,0,0,0,0,1455,20220819
20220819,FG301,,,1468,1451,1440,924616,1445,1468,1442,248013,360858915,901516,0,0,1568,1334,0,0,08/19/2022 22:15:49,0,1467,355,1468,530,0,0,0,0,0,0,0,0,0,0,0,0,0,0,0,0,1455,20220819
20220819,FG301,,,1468,1451,1440,924616,1445,1468,1442,248037,360893835,901498,0,0,1568,1334,0,0,08/19/2022 22:15:49,0,1467,354,1468,514,0,0,0,0,0,0,0,0,0,0,0,0,0,0,0,0,1455,20220819
20220819,FG301,,,1467,1451,1440,924616,1445,1468,1442,248044,360904020,901498,0,0,1568,1334,0,0,08/19/2022 22:15:50,0,1467,348,1468,520,0,0,0,0,0,0,0,0,0,0,0,0,0,0,0,0,1455,20220819
20220819,FG301,,,1468,1451,1440,924616,1445,1468,1442,248113,361004415,901469,0,0,1568,1334,0,0,08/19/2022 22:15:50,0,1467,379,1468,448,0,0,0,0,0,0,0,0,0,0,0,0,0,0,0,0,1455,20220819
20220819,FG301,,,1467,1451,1440,924616,1445,1468,1442,248116,361008780,901466,0,0,1568,1334,0,0,08/19/2022 22:15:51,0,1467,377,1468,453,0,0,0,0,0,0,0,0,0,0,0,0,0,0,0,0,1455,20220819
20220819,FG301,,,1468,1451,1440,924616,1445,1468,1442,248118,361011690,901466,0,0,1568,1334,0,0,08/19/2022 22:15:51,0,1467,403,1468,464,0,0,0,0,0,0,0,0,0,0,0,0,0,0,0,0,1455,20220819
20220819,FG301,,,1467,1451,1440,924616,1445,1468,1442,248134,361034970,901458,0,0,1568,1334,0,0,08/19/2022 22:15:52,0,1467,404,1468,448,0,0,0,0,0,0,0,0,0,0,0,0,0,0,0,0,1455,20220819
20220819,FG301,,,1468,1451,1440,924616,1445,1468,1442,248146,361052430,901457,0,0,1568,1334,0,0,08/19/2022 22:15:52,0,1467,399,1468,443,0,0,0,0,0,0,0,0,0,0,0,0,0,0,0,0,1455,20220819
20220819,FG301,,,1468,1451,1440,924616,1445,1468,1442,248156,361066980,901455,0,0,1568,1334,0,0,08/19/2022 22:15:53,0,1467,401,1468,439,0,0,0,0,0,0,0,0,0,0,0,0,0,0,0,0,1455,20220819
20220819,FG301,,,1468,1451,1440,924616,1445,1468,1442,248170,361087350,901456,0,0,1568,1334,0,0,08/19/2022 22:15:53,0,1467,414,1468,438,0,0,0,0,0,0,0,0,0,0,0,0,0,0,0,0,1455,20220819
20220819,FG301,,,1467,1451,1440,924616,1445,1468,1442,248173,361091715,901455,0,0,1568,1334,0,0,08/19/2022 22:15:54,0,1467,489,1468,477,0,0,0,0,0,0,0,0,0,0,0,0,0,0,0,0,1455,20220819
20220819,FG301,,,1467,1451,1440,924616,1445,1468,1442,248191,361117905,901451,0,0,1568,1334,0,0,08/19/2022 22:15:54,0,1467,477,1468,481,0,0,0,0,0,0,0,0,0,0,0,0,0,0,0,0,1455,20220819
20220819,FG301,,,1467,1451,1440,924616,1445,1468,1442,248218,361157190,901437,0,0,1568,1334,0,0,08/19/2022 22:15:55,0,1467,459,1468,470,0,0,0,0,0,0,0,0,0,0,0,0,0,0,0,0,1455,20220819
20220819,FG301,,,1468,1451,1440,924616,1445,1468,1442,248250,361203750,901427,0,0,1568,1334,0,0,08/19/2022 22:15:55,0,1467,468,1468,441,0,0,0,0,0,0,0,0,0,0,0,0,0,0,0,0,1455,20220819
