TradingDay,InstrumentID,ExchangeID,ExchangeInstID,LastPrice,PreSettlementPrice,PreClosePrice,PreOpenInterest,OpenPrice,HighestPrice,LowestPrice,Volume,Turnover,OpenInterest,ClosePrice,SettlementPrice,UpperLimitPrice,LowerLimitPrice,PreDelta,CurrDelta,UpdateTime,UpdateMillisec,BidPrice1,BidVolume1,AskPrice1,AskVolume1,BidPrice2,BidVolume2,AskPrice2,AskVolume2,BidPrice3,BidVolume3,AskPrice3,AskVolume3,BidPrice4,BidVolume4,AskPrice4,AskVolume4,BidPrice5,BidVolume5,AskPrice5,AskVolume5,AveragePrice,ActionDay
20220819,MA301,,,2455,2426,2442,1215579,2440,2464,2429,314994,770475324,1122072,0,0,2596,2256,0,0,08/19/2022 21:57:59,0,2455,50,2456,301,0,0,0,0,0,0,0,0,0,0,0,0,0,0,0,0,2446,20220819
20220819,MA301,,,2455,2426,2442,1215579,2440,2464,2429,315003,770497338,1122067,0,0,2596,2256,0,0,08/19/2022 21:58:00,0,2455,41,2456,302,0,0,0,0,0,0,0,0,0,0,0,0,0,0,0,0,2446,20220819
20220819,MA301,,,2455,2426,2442,1215579,2440,2464,2429,315018,770534028,1122056,0,0,2596,2256,0,0,08/19/2022 21:58:00,0,2455,37,2456,306,0,0,0,0,0,0,0,0,0,0,0,0,0,0,0,0,2446,20220819
20220819,MA301,,,2455,2426,2442,1215579,2440,2464,2429,315024,770548704,1122057,0,0,2596,2256,0,0,08/19/2022 21:58:01,0,2455,36,2456,328,0,0,0,0,0,0,0,0,0,0,0,0,0,0,0,0,2446,20220819
20220819,MA301,,,2455,2426,2442,1215579,2440,2464,2429,315061,770639206,1122043,0,0,2596,2256,0,0,08/19/2022 21:58:01,0,2454,166,2455,245,0,0,0,0,0,0,0,0,0,0,0,0,0,0,0,0,2446,20220819
20220819,MA301,,,2455,2426,2442,1215579,2440,2464,2429,315061,770639206,1122043,0,0,2596,2256,0,0,08/19/2022 21:58:02,0,2454,79,2455,250,0,0,0,0,0,0,0,0,0,0,0,0,0,0,0,0,2446,20220819
20220819,MA301,,,2455,2426,2442,1215579,2440,2464,2429,315063,770644098,1122041,0,0,2596,2256,0,0,08/19/2022 21:58:02,0,2454,79,2455,250,0,0,0,0,0,0,0,0,0,0,0,0,0,0,0,0,2446,20220819
20220819,MA301,,,2454,2426,2442,1215579,2440,2464,2429,315071,770663666,1122044,0,0,2596,2256,0,0,08/19/2022 21:58:03,0,2454,75,2455,252,0,0,0,0,0,0,0,0,0,0,0,0,0,0,0,0,2446,20220819
20220819,MA301,,,2454,2426,2442,1215579,2440,2464,2429,315079,770683234,1122044,0,0,2596,2256,0,0,08/19/2022 21:58:04,0,2454,81,2455,251,0,0,0,0,0,0,0,0,0,0,0,0,0,0,0,0,2446,20220819
20220819,MA301,,,2455,2426,2442,1215579,2440,2464,2429,315109,770756614,1122014,0,0,2596,2256,0,0,08/19/2022 21:58:04,0,2454,81,2455,216,0,0,0,0,0,0,0,0,0,0,0,0,0,0,0,0,2446,20220819
20220819,MA301,,,2454,2426,2442,1215579,2440,2464,2429,315111,770761506,1122014,0,0,2596,2256,0,0,08/19/2022 21:58:05,0,2454,170,2455,241,0,0,0,0,0,0,0,0,0,0,0,0,0,0,0,0,2446,20220819
20220819,MA301,,,2454,2426,2442,1215579,2440,2464,2429,315112,770763952,1122014,0,0,2596,2256,0,0,08/19/2022 21:58:05,0,2454,163,2455,244,0,0,0,0,0,0,0,0,0,0,0,0,0,0,0,0,2446,20220819
20220819,MA301,,,2454,2426,2442,1215579,2440,2464,2429,315127,770800642,1122011,0,0,2596,2256,0,0,08/19/2022 21:58:06,0,2454,154,2455,241,0,0,0,0,0,0,0,0,0,0,0,0,0,0,0,0,2446,20220819
20220819,MA301,,,2455,2426,2442,1215579,2440,2464,2429,315131,770810426,1122011,0,0,2596,2256,0,0,08/19/2022 21:58:06,0,2454,91,2455,238,0,0,0,0,0,0,0,0,0,0,0,0,0,0,0,0,2446,20220819
20220819,MA301,,,2454,2426,2442,1215579,2440,2464,2429,315133,770815318,1122011,0,0,2596,2256,0,0,08/19/2022 21:58:07,0,2454,90,2455,244,0,0,0,0,0,0,0,0,0,0,0,0,0,0,0,0,2446,20220819
20220819,MA301,,,2454,2426,2442,1215579,2440,2464,2429,315133,770815318,1122011,0,0,2596,2256,0,0,08/19/2022 21:58:07,0,2454,117,2455,251,0,0,0,0,0,0,0,0,0,0,0,0,0,0,0,0,2446,20220819
20220819,MA301,,,2454,2426,2442,1215579,2440,2464,2429,315136,770822656,1122014,0,0,2596,2256,0,0,08/19/2022 21:58:07,0,2454,121,2455,251,0,0,0,0,0,0,0,0,0,0,0,0,0,0,0,0,2446,20220819
20220819,MA301,,,2455,2426,2442,1215579,2440,2464,2429,315137,770825102,1122014,0,0,2596,2256,0,0,08/19/2022 21:58:08,0,2454,125,2455,251,0,0,0,0,0,0,0,0,0,0,0,0,0,0,0,0,2446,20220819
20220819,MA301,,,2454,2426,2442,1215579,2440,2464,2429,315138,770827548,1122014,0,0,2596,2256,0,0,08/19/2022 21:58:09,0,2454,130,2455,253,0,0,0,0,0,0,0,0,0,0,0,0,0,0,0,0,2446,20220819
20220819,MA301,,,2455,2426,2442,1215579,2440,2464,2429,315180,770930280,1122005,0,0,2596,2256,0,0,08/19/2022 21:58:09,0,2454,133,2455,18,0,0,0,0,0,0,0,0,0,0,0,0,0,0,0,0,2446,20220819
20220819,MA301,,,2454,2426,2442,1215579,2440,2464,2429,315183,770937618,1122002,0,0,2596,2256,0,0,08/19/2022 21:58:10,0,2454,197,2455,92,0,0,0,0,0,0,0,0,0,0,0,0,0,0,0,0,2446,20220819
20220819,MA301,,,2454,2426,2442,1215579,2440,2464,2429,315186,770944956,1122001,0,0,2596,2256,0,0,08/19/2022 21:58:10,0,2454,179,2455,130,0,0,0,0,0,0,0,0,0,0,0,0,0,0,0,0,2446,20220819
20220819,MA301,,,2455,2426,2442,1215579,2440,2464,2429,315196,770969416,1122001,0,0,2596,2256,0,0,08/19/2022 21:58:11,0,2454,195,2455,116,0,0,0,0,0,0,0,0,0,0,0,0,0,0,0,0,2446,20220819
20220819,MA301,,,2455,2426,2442,1215579,2440,2464,2429,315206,770993876,1121995,0,0,2596,2256,0,0,08/19/2022 21:58:11,0,2454,191,2455,113,0,0,0,0,0,0,0,0,0,0,0,0,0,0,0,0,2446,20220819
20220819,MA301,,,2454,2426,2442,1215579,2440,2464,2429,315207,770996322,1121994,0,0,2596,2256,0,0,08/19/2022 21:58:12,0,2454,192,2455,112,0,0,0,0,0,0,0,0,0,0,0,0,0,0,0,0,2446,20220819
20220819,MA301,,,2455,2426,2442,1215579,2440,2464,2429,315208,770998768,1121994,0,0,2596,2256,0,0,08/19/2022 21:58:12,0,2454,204,2455,111,0,0,0,0,0,0,0,0,0,0,0,0,0,0,0,0,2446,20220819
20220819,MA301,,,2455,2426,2442,1215579,2440,2464,2429,315218,771023228,1121984,0,0,2596,2256,0,0,08/19/2022 21:58:12,0,2454,204,2455,101,0,0,0,0,0,0,0,0,0,0,0,0,0,0,0,0,2446,20220819
20220819,MA301,,,2455,2426,2442,1215579,2440,2464,2429,315226,771042796,1121978,0,0,2596,2256,0,0,08/19/2022 21:58:13,0,2454,184,2455,100,0,0,0,0,0,0,0,0,0,0,0,0,0,0,0,0,2446,20220819
20220819,MA301,,,2454,2426,2442,1215579,2440,2464,2429,315227,771045242,1121978,0,0,2596,2256,0,0,08/19/2022 21:58:14,0,2454,179,2455,97,0,0,0,0,0,0,0,0,0,0,0,0,0,0,0,0,2446,20220819
20220819,MA301,,,2454,2426,2442,1215579,2440,2464,2429,315229,771050134,1121976,0,0,2596,2256,0,0,08/19/2022 21:58:14,0,2454,179,2455,107,0,0,0,0,0,0,0,0,0,0,0,0,0,0,0,0,2446,20220819
20220819,MA301,,,2455,2426,2442,1215579,2440,2464,2429,315232,771057472,1121973,0,0,2596,2256,0,0,08/19/2022 21:58:15,0,2454,178,2455,103,0,0,0,0,0,0,0,0,0,0,0,0,0,0,0,0,2446,20220819
20220819,MA301,,,2455,2426,2442,1215579,2440,2464,2429,315234,771062364,1121972,0,0,2596,2256,0,0,08/19/2022 21:58:15,0,2454,178,2455,110,0,0,0,0,0,0,0,0,0,0,0,0,0,0,0,0,2446,20220819
20220819,MA301,,,2455,2426,2442,1215579,2440,2464,2429,315239,771074594,1121968,0,0,2596,2256,0,0,08/19/2022 21:58:16,0,2454,178,2455,109,0,0,0,0,0,0,0,0,0,0,0,0,0,0,0,0,2446,20220819
20220819,MA301,,,2455,2426,2442,1215579,2440,2464,2429,315241,771079486,1121966,0,0,2596,2256,0,0,08/19/2022 21:58:16,0,2454,178,2455,106,0,0,0,0,0,0,0,0,0,0,0,0,0,0,0,0,2446,20220819
20220819,MA301,,,2455,2426,2442,1215579,2440,2464,2429,315241,771079486,1121966,0,0,2596,2256,0,0,08/19/2022 21:58:17,0,2454,178,2455,108,0,0,0,0,0,0,0,0,0,0,0,0,0,0,0,0,2446,20220819
20220819,MA301,,,2454,2426,2442,1215579,2440,2464,2429,315251,771103946,1121962,0,0,2596,2256,0,0,08/19/2022 21:58:17,0,2454,173,2455,111,0,0,0,0,0,0,0,0,0,0,0,0,0,0,0,0,2446,20220819
20220819,MA301,,,2454,2426,2442,1215579,2440,2464,2429,315254,771111284,1121963,0,0,2596,2256,0,0,08/19/2022 21:58:18,0,2454,170,2455,113,0,0,0,0,0,0,0,0,0,0,0,0,0,0,0,0,2446,20220819
20220819,MA301,,,2454,2426,2442,1215579,2440,2464,2429,315254,771111284,1121963,0,0,2596,2256,0,0,08/19/2022 21:58:18,0,2454,173,2455,113,0,0,0,0,0,0,0,0,0,0,0,0,0,0,0,0,2446,20220819
20220819,MA301,,,2454,2426,2442,1215579,2440,2464,2429,315255,771113730,1121962,0,0,2596,2256,0,0,08/19/2022 21:58:18,0,2454,174,2455,113,0,0,0,0,0,0,0,0,0,0,0,0,0,0,0,0,2446,20220819
20220819,MA301,,,2455,2426,2442,1215579,2440,2464,2429,315258,771121068,1121960,0,0,2596,2256,0,0,08/19/2022 21:58:19,0,2454,172,2455,112,0,0,0,0,0,0,0,0,0,0,0,0,0,0,0,0,2446,20220819
20220819,MA301,,,2455,2426,2442,1215579,2440,2464,2429,315368,771390128,1121896,0,0,2596,2256,0,0,08/19/2022 21:58:20,0,2454,177,2455,2,0,0,0,0,0,0,0,0,0,0,0,0,0,0,0,0,2446,20220819
20220819,MA301,,,2455,2426,2442,1215579,2440,2464,2429,315381,771421926,1121894,0,0,2596,2256,0,0,08/19/2022 21:58:20,0,2455,158,2456,380,0,0,0,0,0,0,0,0,0,0,0,0,0,0,0,0,2446,20220819
20220819,MA301,,,2455,2426,2442,1215579,2440,2464,2429,315381,771421926,1121894,0,0,2596,2256,0,0,08/19/2022 21:58:21,0,2455,229,2456,310,0,0,0,0,0,0,0,0,0,0,0,0,0,0,0,0,2446,20220819
20220819,MA301,,,2455,2426,2442,1215579,2440,2464,2429,315381,771421926,1121894,0,0,2596,2256,0,0,08/19/2022 21:58:21,0,2455,246,2456,307,0,0,0,0,0,0,0,0,0,0,0,0,0,0,0,0,2446,20220819
20220819,MA301,,,2455,2426,2442,1215579,2440,2464,2429,315386,771434156,1121892,0,0,2596,2256,0,0,08/19/2022 21:58:22,0,2455,231,2456,305,0,0,0,0,0,0,0,0,0,0,0,0,0,0,0,0,2446,20220819
20220819,MA301,,,2455,2426,2442,1215579,2440,2464,2429,315390,771443940,1121891,0,0,2596,2256,0,0,08/19/2022 21:58:22,0,2455,227,2456,304,0,0,0,0,0,0,0,0,0,0,0,0,0,0,0,0,2446,20220819
20220819,MA301,,,2455,2426,2442,1215579,2440,2464,2429,315392,771448832,1121889,0,0,2596,2256,0,0,08/19/2022 21:58:23,0,2455,225,2456,304,0,0,0,0,0,0,0,0,0,0,0,0,0,0,0,0,2446,20220819
20220819,MA301,,,2455,2426,2442,1215579,2440,2464,2429,315411,771495306,1121876,0,0,2596,2256,0,0,08/19/2022 21:58:23,0,2455,212,2456,282,0,0,0,0,0,0,0,0,0,0,0,0,0,0,0,0,2446,20220819
20220819,MA301,,,2455,2426,2442,1215579,2440,2464,2429,315424,771527104,1121880,0,0,2596,2256,0,0,08/19/2022 21:58:24,0,2455,162,2456,284,0,0,0,0,0,0,0,0,0,0,0,0,0,0,0,0,2446,20220819
20220819,MA301,,,2455,2426,2442,1215579,2440,2464,2429,315434,771551564,1121880,0,0,2596,2256,0,0,08/19/2022 21:58:24,0,2455,163,2456,284,0,0,0,0,0,0,0,0,0,0,0,0,0,0,0,0,2446,20220819
20220819,MA301,,,2455,2426,2442,1215579,2440,2464,2429,315434,771551564,1121880,0,0,2596,2256,0,0,08/19/2022 21:58:25,0,2455,163,2456,288,0,0,0,0,0,0,0,0,0,0,0,0,0,0,0,0,2446,20220819
20220819,MA301,,,2455,2426,2442,1215579,2440,2464,2429,315443,771573578,1121875,0,0,2596,2256,0,0,08/19/2022 21:58:25,0,2455,152,2456,291,0,0,0,0,0,0,0,0,0,0,0,0,0,0,0,0,2446,20220819
20220819,MA301,,,2455,2426,2442,1215579,2440,2464,2429,315452,771595592,1121866,0,0,2596,2256,0,0,08/19/2022 21:58:26,0,2455,143,2456,293,0,0,0,0,0,0,0,0,0,0,0,0,0,0,0,0,2446,20220819
20220819,MA301,,,2455,2426,2442,1215579,2440,2464,2429,315452,771595592,1121866,0,0,2596,2256,0,0,08/19/2022 21:58:26,0,2455,173,2456,293,0,0,0,0,0,0,0,0,0,0,0,0,0,0,0,0,2446,20220819
20220819,MA301,,,2455,2426,2442,1215579,2440,2464,2429,315454,771600484,1121865,0,0,2596,2256,0,0,08/19/2022 21:58:27,0,2455,194,2456,281,0,0,0,0,0,0,0,0,0,0,0,0,0,0,0,0,2446,20220819
20220819,MA301,,,2455,2426,2442,1215579,2440,2464,2429,315455,771602930,1121864,0,0,2596,2256,0,0,08/19/2022 21:58:27,0,2455,193,2456,281,0,0,0,0,0,0,0,0,0,0,0,0,0,0,0,0,2446,20220819
20220819,MA301,,,2456,2426,2442,1215579,2440,2464,2429,315463,771622498,1121856,0,0,2596,2256,0,0,08/19/2022 21:58:28,0,2455,194,2456,274,0,0,0,0,0,0,0,0,0,0,0,0,0,0,0,0,2446,20220819
20220819,MA301,,,2455,2426,2442,1215579,2440,2464,2429,315470,771639620,1121849,0,0,2596,2256,0,0,08/19/2022 21:58:28,0,2455,187,2456,276,0,0,0,0,0,0,0,0,0,0,0,0,0,0,0,0,2446,20220819
20220819,MA301,,,2455,2426,2442,1215579,2440,2464,2429,315478,771659188,1121843,0,0,2596,2256,0,0,08/19/2022 21:58:29,0,2455,180,2456,276,0,0,0,0,0,0,0,0,0,0,0,0,0,0,0,0,2446,20220819
20220819,MA301,,,2455,2426,2442,1215579,2440,2464,2429,315493,771695878,1121833,0,0,2596,2256,0,0,08/19/2022 21:58:29,0,2455,177,2456,270,0,0,0,0,0,0,0,0,0,0,0,0,0,0,0,0,2446,20220819
20220819,MA301,,,2455,2426,2442,1215579,2440,2464,2429,315495,771700770,1121832,0,0,2596,2256,0,0,08/19/2022 21:58:30,0,2455,180,2456,269,0,0,0,0,0,0,0,0,0,0,0,0,0,0,0,0,2446,20220819
20220819,MA301,,,2455,2426,2442,1215579,2440,2464,2429,315495,771700770,1121832,0,0,2596,2256,0,0,08/19/2022 21:58:30,0,2455,190,2456,274,0,0,0,0,0,0,0,0,0,0,0,0,0,0,0,0,2446,20220819
20220819,MA301,,,2456,2426,2442,1215579,2440,2464,2429,315498,771708108,1121830,0,0,2596,2256,0,0,08/19/2022 21:58:31,0,2455,188,2456,273,0,0,0,0,0,0,0,0,0,0,0,0,0,0,0,0,2446,20220819
20220819,MA301,,,2455,2426,2442,1215579,2440,2464,2429,315500,771713000,1121829,0,0,2596,2256,0,0,08/19/2022 21:58:31,0,2455,187,2456,273,0,0,0,0,0,0,0,0,0,0,0,0,0,0,0,0,2446,20220819
20220819,MA301,,,2456,2426,2442,1215579,2440,2464,2429,315501,771715446,1121829,0,0,2596,2256,0,0,08/19/2022 21:58:32,0,2455,188,2456,273,0,0,0,0,0,0,0,0,0,0,0,0,0,0,0,0,2446,20220819
20220819,MA301,,,2456,2426,2442,1215579,2440,2464,2429,315502,771717892,1121829,0,0,2596,2256,0,0,08/19/2022 21:58:33,0,2455,189,2456,292,0,0,0,0,0,0,0,0,0,0,0,0,0,0,0,0,2446,20220819
20220819,MA301,,,2456,2426,2442,1215579,2440,2464,2429,315505,771725230,1121828,0,0,2596,2256,0,0,08/19/2022 21:58:33,0,2455,191,2456,289,0,0,0,0,0,0,0,0,0,0,0,0,0,0,0,0,2446,20220819
20220819,MA301,,,2455,2426,2442,1215579,2440,2464,2429,315506,771727676,1121827,0,0,2596,2256,0,0,08/19/2022 21:58:34,0,2455,190,2456,289,0,0,0,0,0,0,0,0,0,0,0,0,0,0,0,0,2446,20220819
20220819,MA301,,,2455,2426,2442,1215579,2440,2464,2429,315509,771735014,1121824,0,0,2596,2256,0,0,08/19/2022 21:58:34,0,2455,187,2456,282,0,0,0,0,0,0,0,0,0,0,0,0,0,0,0,0,2446,20220819
20220819,MA301,,,2455,2426,2442,1215579,2440,2464,2429,315514,771747244,1121822,0,0,2596,2256,0,0,08/19/2022 21:58:34,0,2455,185,2456,279,0,0,0,0,0,0,0,0,0,0,0,0,0,0,0,0,2446,20220819
20220819,MA301,,,2455,2426,2442,1215579,2440,2464,2429,315514,771747244,1121822,0,0,2596,2256,0,0,08/19/2022 21:58:35,0,2455,186,2456,278,0,0,0,0,0,0,0,0,0,0,0,0,0,0,0,0,2446,20220819
20220819,MA301,,,2455,2426,2442,1215579,2440,2464,2429,315522,771766812,1121821,0,0,2596,2256,0,0,08/19/2022 21:58:36,0,2455,165,2456,275,0,0,0,0,0,0,0,0,0,0,0,0,0,0,0,0,2446,20220819
20220819,MA301,,,2455,2426,2442,1215579,2440,2464,2429,315526,771776596,1121820,0,0,2596,2256,0,0,08/19/2022 21:58:36,0,2455,164,2456,271,0,0,0,0,0,0,0,0,0,0,0,0,0,0,0,0,2446,20220819
20220819,MA301,,,2455,2426,2442,1215579,2440,2464,2429,315529,771783934,1121818,0,0,2596,2256,0,0,08/19/2022 21:58:37,0,2455,161,2456,275,0,0,0,0,0,0,0,0,0,0,0,0,0,0,0,0,2446,20220819
20220819,MA301,,,2456,2426,2442,1215579,2440,2464,2429,315534,771796164,1121819,0,0,2596,2256,0,0,08/19/2022 21:58:37,0,2455,163,2456,270,0,0,0,0,0,0,0,0,0,0,0,0,0,0,0,0,2446,20220819
20220819,MA301,,,2455,2426,2442,1215579,2440,2464,2429,315536,771801056,1121817,0,0,2596,2256,0,0,08/19/2022 21:58:38,0,2455,162,2456,272,0,0,0,0,0,0,0,0,0,0,0,0,0,0,0,0,2446,20220819
20220819,MA301,,,2456,2426,2442,1215579,2440,2464,2429,315546,771825516,1121815,0,0,2596,2256,0,0,08/19/2022 21:58:38,0,2455,163,2456,262,0,0,0,0,0,0,0,0,0,0,0,0,0,0,0,0,2446,20220819
20220819,MA301,,,2456,2426,2442,1215579,2440,2464,2429,315547,771827962,1121815,0,0,2596,2256,0,0,08/19/2022 21:58:39,0,2455,167,2456,262,0,0,0,0,0,0,0,0,0,0,0,0,0,0,0,0,2446,20220819
20220819,MA301,,,2456,2426,2442,1215579,2440,2464,2429,315548,771830408,1121815,0,0,2596,2256,0,0,08/19/2022 21:58:39,0,2455,169,2456,263,0,0,0,0,0,0,0,0,0,0,0,0,0,0,0,0,2446,20220819
20220819,MA301,,,2455,2426,2442,1215579,2440,2464,2429,315549,771832854,1121814,0,0,2596,2256,0,0,08/19/2022 21:58:40,0,2455,169,2456,261,0,0,0,0,0,0,0,0,0,0,0,0,0,0,0,0,2446,20220819
20220819,MA301,,,2455,2426,2442,1215579,2440,2464,2429,315549,771832854,1121814,0,0,2596,2256,0,0,08/19/2022 21:58:40,0,2455,170,2456,262,0,0,0,0,0,0,0,0,0,0,0,0,0,0,0,0,2446,20220819
20220819,MA301,,,2455,2426,2442,1215579,2440,2464,2429,315560,771859760,1121805,0,0,2596,2256,0,0,08/19/2022 21:58:41,0,2455,160,2456,263,0,0,0,0,0,0,0,0,0,0,0,0,0,0,0,0,2446,20220819
20220819,MA301,,,2455,2426,2442,1215579,2440,2464,2429,315563,771867098,1121802,0,0,2596,2256,0,0,08/19/2022 21:58:41,0,2455,150,2456,261,0,0,0,0,0,0,0,0,0,0,0,0,0,0,0,0,2446,20220819
20220819,MA301,,,2456,2426,2442,1215579,2440,2464,2429,315565,771871990,1121801,0,0,2596,2256,0,0,08/19/2022 21:58:41,0,2455,173,2456,260,0,0,0,0,0,0,0,0,0,0,0,0,0,0,0,0,2446,20220819
20220819,MA301,,,2455,2426,2442,1215579,2440,2464,2429,315590,771933140,1121780,0,0,2596,2256,0,0,08/19/2022 21:58:42,0,2455,150,2456,259,0,0,0,0,0,0,0,0,0,0,0,0,0,0,0,0,2446,20220819
20220819,MA301,,,2455,2426,2442,1215579,2440,2464,2429,315592,771938032,1121779,0,0,2596,2256,0,0,08/19/2022 21:58:43,0,2455,151,2456,259,0,0,0,0,0,0,0,0,0,0,0,0,0,0,0,0,2446,20220819
20220819,MA301,,,2456,2426,2442,1215579,2440,2464,2429,315597,771950262,1121779,0,0,2596,2256,0,0,08/19/2022 21:58:43,0,2455,156,2456,258,0,0,0,0,0,0,0,0,0,0,0,0,0,0,0,0,2446,20220819
20220819,MA301,,,2455,2426,2442,1215579,2440,2464,2429,315606,771972276,1121773,0,0,2596,2256,0,0,08/19/2022 21:58:44,0,2455,149,2456,258,0,0,0,0,0,0,0,0,0,0,0,0,0,0,0,0,2446,20220819
20220819,MA301,,,2455,2426,2442,1215579,2440,2464,2429,315609,771979614,1121770,0,0,2596,2256,0,0,08/19/2022 21:58:44,0,2455,144,2456,259,0,0,0,0,0,0,0,0,0,0,0,0,0,0,0,0,2446,20220819
20220819,MA301,,,2455,2426,2442,1215579,2440,2464,2429,315632,772035872,1121752,0,0,2596,2256,0,0,08/19/2022 21:58:45,0,2455,121,2456,261,0,0,0,0,0,0,0,0,0,0,0,0,0,0,0,0,2446,20220819
20220819,MA301,,,2455,2426,2442,1215579,2440,2464,2429,315642,772060332,1121746,0,0,2596,2256,0,0,08/19/2022 21:58:45,0,2455,113,2456,261,0,0,0,0,0,0,0,0,0,0,0,0,0,0,0,0,2446,20220819
20220819,MA301,,,2455,2426,2442,1215579,2440,2464,2429,315648,772075008,1121747,0,0,2596,2256,0,0,08/19/2022 21:58:46,0,2455,107,2456,261,0,0,0,0,0,0,0,0,0,0,0,0,0,0,0,0,2446,20220819
20220819,MA301,,,2455,2426,2442,1215579,2440,2464,2429,315648,772075008,1121747,0,0,2596,2256,0,0,08/19/2022 21:58:46,0,2455,107,2456,270,0,0,0,0,0,0,0,0,0,0,0,0,0,0,0,0,2446,20220819
20220819,MA301,,,2455,2426,2442,1215579,2440,2464,2429,315653,772087238,1121751,0,0,2596,2256,0,0,08/19/2022 21:58:47,0,2455,104,2456,270,0,0,0,0,0,0,0,0,0,0,0,0,0,0,0,0,2446,20220819
20220819,MA301,,,2455,2426,2442,1215579,2440,2464,2429,315653,772087238,1121751,0,0,2596,2256,0,0,08/19/2022 21:58:47,0,2455,105,2456,270,0,0,0,0,0,0,0,0,0,0,0,0,0,0,0,0,2446,20220819
20220819,MA301,,,2456,2426,2442,1215579,2440,2464,2429,315656,772094576,1121752,0,0,2596,2256,0,0,08/19/2022 21:58:48,0,2455,114,2456,269,0,0,0,0,0,0,0,0,0,0,0,0,0,0,0,0,2446,20220819
20220819,MA301,,,2455,2426,2442,1215579,2440,2464,2429,315658,772099468,1121753,0,0,2596,2256,0,0,08/19/2022 21:58:48,0,2455,113,2456,234,0,0,0,0,0,0,0,0,0,0,0,0,0,0,0,0,2446,20220819
20220819,MA301,,,2455,2426,2442,1215579,2440,2464,2429,315658,772099468,1121753,0,0,2596,2256,0,0,08/19/2022 21:58:48,0,2455,113,2456,235,0,0,0,0,0,0,0,0,0,0,0,0,0,0,0,0,2446,20220819
20220819,MA301,,,2455,2426,2442,1215579,2440,2464,2429,315660,772104360,1121754,0,0,2596,2256,0,0,08/19/2022 21:58:49,0,2455,113,2456,235,0,0,0,0,0,0,0,0,0,0,0,0,0,0,0,0,2446,20220819
20220819,MA301,,,2455,2426,2442,1215579,2440,2464,2429,315661,772106806,1121754,0,0,2596,2256,0,0,08/19/2022 21:58:50,0,2455,112,2456,235,0,0,0,0,0,0,0,0,0,0,0,0,0,0,0,0,2446,20220819
20220819,MA301,,,2456,2426,2442,1215579,2440,2464,2429,315663,772111698,1121755,0,0,2596,2256,0,0,08/19/2022 21:58:50,0,2455,111,2456,257,0,0,0,0,0,0,0,0,0,0,0,0,0,0,0,0,2446,20220819
20220819,MA301,,,2455,2426,2442,1215579,2440,2464,2429,315667,772121482,1121756,0,0,2596,2256,0,0,08/19/2022 21:58:51,0,2455,119,2456,259,0,0,0,0,0,0,0,0,0,0,0,0,0,0,0,0,2446,20220819
20220819,MA301,,,2455,2426,2442,1215579,2440,2464,2429,315672,772133712,1121756,0,0,2596,2256,0,0,08/19/2022 21:58:51,0,2455,115,2456,258,0,0,0,0,0,0,0,0,0,0,0,0,0,0,0,0,2446,20220819
20220819,MA301,,,2455,2426,2442,1215579,2440,2464,2429,315677,772145942,1121761,0,0,2596,2256,0,0,08/19/2022 21:58:52,0,2455,112,2456,257,0,0,0,0,0,0,0,0,0,0,0,0,0,0,0,0,2446,20220819
20220819,MA301,,,2455,2426,2442,1215579,2440,2464,2429,315686,772167956,1121769,0,0,2596,2256,0,0,08/19/2022 21:58:52,0,2455,109,2456,253,0,0,0,0,0,0,0,0,0,0,0,0,0,0,0,0,2446,20220819
20220819,MA301,,,2456,2426,2442,1215579,2440,2464,2429,315696,772192416,1121778,0,0,2596,2256,0,0,08/19/2022 21:58:53,0,2455,116,2456,243,0,0,0,0,0,0,0,0,0,0,0,0,0,0,0,0,2446,20220819
20220819,MA301,,,2456,2426,2442,1215579,2440,2464,2429,315716,772241336,1121768,0,0,2596,2256,0,0,08/19/2022 21:58:53,0,2455,103,2456,242,0,0,0,0,0,0,0,0,0,0,0,0,0,0,0,0,2446,20220819
20220819,MA301,,,2456,2426,2442,1215579,2440,2464,2429,315736,772290256,1121759,0,0,2596,2256,0,0,08/19/2022 21:58:54,0,2455,87,2456,238,0,0,0,0,0,0,0,0,0,0,0,0,0,0,0,0,2446,20220819
20220819,MA301,,,2456,2426,2442,1215579,2440,2464,2429,315736,772290256,1121759,0,0,2596,2256,0,0,08/19/2022 21:58:54,0,2455,87,2456,238,0,0,0,0,0,0,0,0,0,0,0,0,0,0,0,0,2446,20220819
20220819,MA301,,,2456,2426,2442,1215579,2440,2464,2429,315738,772295148,1121760,0,0,2596,2256,0,0,08/19/2022 21:58:55,0,2455,113,2456,236,0,0,0,0,0,0,0,0,0,0,0,0,0,0,0,0,2446,20220819
20220819,MA301,,,2456,2426,2442,1215579,2440,2464,2429,315738,772295148,1121760,0,0,2596,2256,0,0,08/19/2022 21:58:55,0,2455,119,2456,237,0,0,0,0,0,0,0,0,0,0,0,0,0,0,0,0,2446,20220819
20220819,MA301,,,2455,2426,2442,1215579,2440,2464,2429,315739,772297594,1121760,0,0,2596,2256,0,0,08/19/2022 21:58:56,0,2455,119,2456,237,0,0,0,0,0,0,0,0,0,0,0,0,0,0,0,0,2446,20220819
20220819,MA301,,,2456,2426,2442,1215579,2440,2464,2429,315741,772302486,1121761,0,0,2596,2256,0,0,08/19/2022 21:58:56,0,2455,120,2456,236,0,0,0,0,0,0,0,0,0,0,0,0,0,0,0,0,2446,20220819
20220819,MA301,,,2456,2426,2442,1215579,2440,2464,2429,315741,772302486,1121761,0,0,2596,2256,0,0,08/19/2022 21:58:56,0,2455,136,2456,236,0,0,0,0,0,0,0,0,0,0,0,0,0,0,0,0,2446,20220819
20220819,MA301,,,2456,2426,2442,1215579,2440,2464,2429,315745,772312270,1121764,0,0,2596,2256,0,0,08/19/2022 21:58:57,0,2455,137,2456,232,0,0,0,0,0,0,0,0,0,0,0,0,0,0,0,0,2446,20220819
20220819,MA301,,,2456,2426,2442,1215579,2440,2464,2429,315751,772326946,1121768,0,0,2596,2256,0,0,08/19/2022 21:58:57,0,2455,137,2456,226,0,0,0,0,0,0,0,0,0,0,0,0,0,0,0,0,2446,20220819
20220819,MA301,,,2456,2426,2442,1215579,2440,2464,2429,315755,772336730,1121765,0,0,2596,2256,0,0,08/19/2022 21:58:58,0,2455,148,2456,222,0,0,0,0,0,0,0,0,0,0,0,0,0,0,0,0,2446,20220819
20220819,MA301,,,2455,2426,2442,1215579,2440,2464,2429,315758,772344068,1121766,0,0,2596,2256,0,0,08/19/2022 21:58:59,0,2455,149,2456,226,0,0,0,0,0,0,0,0,0,0,0,0,0,0,0,0,2446,20220819
20220819,MA301,,,2455,2426,2442,1215579,2440,2464,2429,315760,772348960,1121765,0,0,2596,2256,0,0,08/19/2022 21:58:59,0,2455,152,2456,227,0,0,0,0,0,0,0,0,0,0,0,0,0,0,0,0,2446,20220819
20220819,MA301,,,2456,2426,2442,1215579,2440,2464,2429,315772,772378312,1121765,0,0,2596,2256,0,0,08/19/2022 21:59:00,0,2455,148,2456,223,0,0,0,0,0,0,0,0,0,0,0,0,0,0,0,0,2446,20220819
20220819,MA301,,,2456,2426,2442,1215579,2440,2464,2429,315773,772380758,1121765,0,0,2596,2256,0,0,08/19/2022 21:59:00,0,2455,187,2456,222,0,0,0,0,0,0,0,0,0,0,0,0,0,0,0,0,2446,20220819
20220819,MA301,,,2456,2426,2442,1215579,2440,2464,2429,315777,772390542,1121765,0,0,2596,2256,0,0,08/19/2022 21:59:01,0,2455,211,2456,219,0,0,0,0,0,0,0,0,0,0,0,0,0,0,0,0,2446,20220819
20220819,MA301,,,2456,2426,2442,1215579,2440,2464,2429,315777,772390542,1121765,0,0,2596,2256,0,0,08/19/2022 21:59:01,0,2455,214,2456,219,0,0,0,0,0,0,0,0,0,0,0,0,0,0,0,0,2446,20220819
20220819,MA301,,,2455,2426,2442,1215579,2440,2464,2429,315801,772449246,1121756,0,0,2596,2256,0,0,08/19/2022 21:59:02,0,2455,210,2456,199,0,0,0,0,0,0,0,0,0,0,0,0,0,0,0,0,2446,20220819
20220819,MA301,,,2456,2426,2442,1215579,2440,2464,2429,315804,772456584,1121756,0,0,2596,2256,0,0,08/19/2022 21:59:02,0,2455,211,2456,198,0,0,0,0,0,0,0,0,0,0,0,0,0,0,0,0,2446,20220819
20220819,MA301,,,2456,2426,2442,1215579,2440,2464,2429,315861,772596006,1121726,0,0,2596,2256,0,0,08/19/2022 21:59:03,0,2455,207,2456,144,0,0,0,0,0,0,0,0,0,0,0,0,0,0,0,0,2446,20220819
20220819,MA301,,,2456,2426,2442,1215579,2440,2464,2429,316004,772945784,1121676,0,0,2596,2256,0,0,08/19/2022 21:59:03,0,2456,132,2457,336,0,0,0,0,0,0,0,0,0,0,0,0,0,0,0,0,2446,20220819
20220819,MA301,,,2456,2426,2442,1215579,2440,2464,2429,316014,772970244,1121669,0,0,2596,2256,0,0,08/19/2022 21:59:04,0,2456,124,2457,330,0,0,0,0,0,0,0,0,0,0,0,0,0,0,0,0,2446,20220819
20220819,MA301,,,2457,2426,2442,1215579,2440,2464,2429,316020,772984920,1121669,0,0,2596,2256,0,0,08/19/2022 21:59:04,0,2456,125,2457,328,0,0,0,0,0,0,0,0,0,0,0,0,0,0,0,0,2446,20220819
20220819,MA301,,,2457,2426,2442,1215579,2440,2464,2429,316022,772989812,1121670,0,0,2596,2256,0,0,08/19/2022 21:59:05,0,2456,125,2457,327,0,0,0,0,0,0,0,0,0,0,0,0,0,0,0,0,2446,20220819
20220819,MA301,,,2456,2426,2442,1215579,2440,2464,2429,316071,773109666,1121637,0,0,2596,2256,0,0,08/19/2022 21:59:05,0,2456,43,2457,324,0,0,0,0,0,0,0,0,0,0,0,0,0,0,0,0,2446,20220819
20220819,MA301,,,2456,2426,2442,1215579,2440,2464,2429,316116,773219736,1121595,0,0,2596,2256,0,0,08/19/2022 21:59:06,0,2455,257,2456,65,0,0,0,0,0,0,0,0,0,0,0,0,0,0,0,0,2446,20220819
20220819,MA301,,,2455,2426,2442,1215579,2440,2464,2429,316118,773224628,1121595,0,0,2596,2256,0,0,08/19/2022 21:59:06,0,2455,254,2456,118,0,0,0,0,0,0,0,0,0,0,0,0,0,0,0,0,2446,20220819
20220819,MA301,,,2456,2426,2442,1215579,2440,2464,2429,316122,773234412,1121594,0,0,2596,2256,0,0,08/19/2022 21:59:07,0,2455,269,2456,131,0,0,0,0,0,0,0,0,0,0,0,0,0,0,0,0,2446,20220819
20220819,MA301,,,2455,2426,2442,1215579,2440,2464,2429,316130,773253980,1121588,0,0,2596,2256,0,0,08/19/2022 21:59:07,0,2455,262,2456,127,0,0,0,0,0,0,0,0,0,0,0,0,0,0,0,0,2446,20220819
20220819,MA301,,,2455,2426,2442,1215579,2440,2464,2429,316130,773253980,1121588,0,0,2596,2256,0,0,08/19/2022 21:59:08,0,2455,272,2456,127,0,0,0,0,0,0,0,0,0,0,0,0,0,0,0,0,2446,20220819
20220819,MA301,,,2456,2426,2442,1215579,2440,2464,2429,316131,773256426,1121588,0,0,2596,2256,0,0,08/19/2022 21:59:08,0,2455,272,2456,126,0,0,0,0,0,0,0,0,0,0,0,0,0,0,0,0,2446,20220819
20220819,MA301,,,2456,2426,2442,1215579,2440,2464,2429,316134,773263764,1121586,0,0,2596,2256,0,0,08/19/2022 21:59:09,0,2455,272,2456,124,0,0,0,0,0,0,0,0,0,0,0,0,0,0,0,0,2446,20220819
20220819,MA301,,,2456,2426,2442,1215579,2440,2464,2429,316139,773275994,1121585,0,0,2596,2256,0,0,08/19/2022 21:59:09,0,2455,272,2456,119,0,0,0,0,0,0,0,0,0,0,0,0,0,0,0,0,2446,20220819
20220819,MA301,,,2455,2426,2442,1215579,2440,2464,2429,316140,773278440,1121586,0,0,2596,2256,0,0,08/19/2022 21:59:10,0,2455,272,2456,125,0,0,0,0,0,0,0,0,0,0,0,0,0,0,0,0,2446,20220819
20220819,MA301,,,2455,2426,2442,1215579,2440,2464,2429,316140,773278440,1121586,0,0,2596,2256,0,0,08/19/2022 21:59:10,0,2455,272,2456,127,0,0,0,0,0,0,0,0,0,0,0,0,0,0,0,0,2446,20220819
20220819,MA301,,,2456,2426,2442,1215579,2440,2464,2429,316142,773283332,1121585,0,0,2596,2256,0,0,08/19/2022 21:59:11,0,2455,273,2456,129,0,0,0,0,0,0,0,0,0,0,0,0,0,0,0,0,2446,20220819
20220819,MA301,,,2455,2426,2442,1215579,2440,2464,2429,316147,773295562,1121585,0,0,2596,2256,0,0,08/19/2022 21:59:11,0,2455,268,2456,132,0,0,0,0,0,0,0,0,0,0,0,0,0,0,0,0,2446,20220819
20220819,MA301,,,2455,2426,2442,1215579,2440,2464,2429,316159,773324914,1121585,0,0,2596,2256,0,0,08/19/2022 21:59:12,0,2455,264,2456,132,0,0,0,0,0,0,0,0,0,0,0,0,0,0,0,0,2446,20220819
20220819,MA301,,,2455,2426,2442,1215579,2440,2464,2429,316159,773324914,1121585,0,0,2596,2256,0,0,08/19/2022 21:59:12,0,2455,266,2456,143,0,0,0,0,0,0,0,0,0,0,0,0,0,0,0,0,2446,20220819
20220819,MA301,,,2456,2426,2442,1215579,2440,2464,2429,316162,773332252,1121584,0,0,2596,2256,0,0,08/19/2022 21:59:13,0,2455,270,2456,141,0,0,0,0,0,0,0,0,0,0,0,0,0,0,0,0,2446,20220819
20220819,MA301,,,2455,2426,2442,1215579,2440,2464,2429,316163,773334698,1121585,0,0,2596,2256,0,0,08/19/2022 21:59:13,0,2455,269,2456,141,0,0,0,0,0,0,0,0,0,0,0,0,0,0,0,0,2446,20220819
20220819,MA301,,,2455,2426,2442,1215579,2440,2464,2429,316163,773334698,1121585,0,0,2596,2256,0,0,08/19/2022 21:59:13,0,2455,272,2456,142,0,0,0,0,0,0,0,0,0,0,0,0,0,0,0,0,2446,20220819
20220819,MA301,,,2456,2426,2442,1215579,2440,2464,2429,316166,773342036,1121586,0,0,2596,2256,0,0,08/19/2022 21:59:14,0,2455,283,2456,141,0,0,0,0,0,0,0,0,0,0,0,0,0,0,0,0,2446,20220819
20220819,MA301,,,2456,2426,2442,1215579,2440,2464,2429,316167,773344482,1121586,0,0,2596,2256,0,0,08/19/2022 21:59:15,0,2455,296,2456,142,0,0,0,0,0,0,0,0,0,0,0,0,0,0,0,0,2446,20220819
20220819,MA301,,,2456,2426,2442,1215579,2440,2464,2429,316168,773346928,1121586,0,0,2596,2256,0,0,08/19/2022 21:59:15,0,2455,296,2456,121,0,0,0,0,0,0,0,0,0,0,0,0,0,0,0,0,2446,20220819
20220819,MA301,,,2455,2426,2442,1215579,2440,2464,2429,316169,773349374,1121587,0,0,2596,2256,0,0,08/19/2022 21:59:16,0,2455,295,2456,121,0,0,0,0,0,0,0,0,0,0,0,0,0,0,0,0,2446,20220819
20220819,MA301,,,2455,2426,2442,1215579,2440,2464,2429,316169,773349374,1121587,0,0,2596,2256,0,0,08/19/2022 21:59:16,0,2455,300,2456,121,0,0,0,0,0,0,0,0,0,0,0,0,0,0,0,0,2446,20220819
20220819,MA301,,,2456,2426,2442,1215579,2440,2464,2429,316191,773403186,1121587,0,0,2596,2256,0,0,08/19/2022 21:59:17,0,2455,310,2456,102,0,0,0,0,0,0,0,0,0,0,0,0,0,0,0,0,2446,20220819
20220819,MA301,,,2455,2426,2442,1215579,2440,2464,2429,316275,773608650,1121627,0,0,2596,2256,0,0,08/19/2022 21:59:17,0,2456,47,2457,423,0,0,0,0,0,0,0,0,0,0,0,0,0,0,0,0,2446,20220819
20220819,MA301,,,2456,2426,2442,1215579,2440,2464,2429,316280,773620880,1121627,0,0,2596,2256,0,0,08/19/2022 21:59:18,0,2456,102,2457,412,0,0,0,0,0,0,0,0,0,0,0,0,0,0,0,0,2446,20220819
20220819,MA301,,,2456,2426,2442,1215579,2440,2464,2429,316301,773672246,1121619,0,0,2596,2256,0,0,08/19/2022 21:59:18,0,2456,92,2457,412,0,0,0,0,0,0,0,0,0,0,0,0,0,0,0,0,2446,20220819
20220819,MA301,,,2456,2426,2442,1215579,2440,2464,2429,316330,773743180,1121622,0,0,2596,2256,0,0,08/19/2022 21:59:19,0,2456,37,2457,411,0,0,0,0,0,0,0,0,0,0,0,0,0,0,0,0,2446,20220819
20220819,MA301,,,2456,2426,2442,1215579,2440,2464,2429,316368,773836128,1121615,0,0,2596,2256,0,0,08/19/2022 21:59:19,0,2455,313,2456,14,0,0,0,0,0,0,0,0,0,0,0,0,0,0,0,0,2446,20220819
20220819,MA301,,,2456,2426,2442,1215579,2440,2464,2429,316370,773841020,1121614,0,0,2596,2256,0,0,08/19/2022 21:59:20,0,2455,263,2456,152,0,0,0,0,0,0,0,0,0,0,0,0,0,0,0,0,2446,20220819
20220819,MA301,,,2455,2426,2442,1215579,2440,2464,2429,316380,773865480,1121618,0,0,2596,2256,0,0,08/19/2022 21:59:20,0,2455,225,2456,162,0,0,0,0,0,0,0,0,0,0,0,0,0,0,0,0,2446,20220819
20220819,MA301,,,2455,2426,2442,1215579,2440,2464,2429,316382,773870372,1121618,0,0,2596,2256,0,0,08/19/2022 21:59:21,0,2455,229,2456,169,0,0,0,0,0,0,0,0,0,0,0,0,0,0,0,0,2446,20220819
20220819,MA301,,,2456,2426,2442,1215579,2440,2464,2429,316390,773889940,1121611,0,0,2596,2256,0,0,08/19/2022 21:59:21,0,2455,230,2456,162,0,0,0,0,0,0,0,0,0,0,0,0,0,0,0,0,2446,20220819
20220819,MA301,,,2456,2426,2442,1215579,2440,2464,2429,316395,773902170,1121607,0,0,2596,2256,0,0,08/19/2022 21:59:22,0,2455,231,2456,160,0,0,0,0,0,0,0,0,0,0,0,0,0,0,0,0,2446,20220819
20220819,MA301,,,2456,2426,2442,1215579,2440,2464,2429,316407,773931522,1121599,0,0,2596,2256,0,0,08/19/2022 21:59:22,0,2455,230,2456,153,0,0,0,0,0,0,0,0,0,0,0,0,0,0,0,0,2446,20220819
20220819,MA301,,,2456,2426,2442,1215579,2440,2464,2429,316427,773980442,1121600,0,0,2596,2256,0,0,08/19/2022 21:59:23,0,2455,213,2456,144,0,0,0,0,0,0,0,0,0,0,0,0,0,0,0,0,2446,20220819
20220819,MA301,,,2455,2426,2442,1215579,2440,2464,2429,316433,773995118,1121595,0,0,2596,2256,0,0,08/19/2022 21:59:23,0,2455,211,2456,141,0,0,0,0,0,0,0,0,0,0,0,0,0,0,0,0,2446,20220819
20220819,MA301,,,2455,2426,2442,1215579,2440,2464,2429,316439,774009794,1121594,0,0,2596,2256,0,0,08/19/2022 21:59:24,0,2455,249,2456,156,0,0,0,0,0,0,0,0,0,0,0,0,0,0,0,0,2446,20220819
20220819,MA301,,,2455,2426,2442,1215579,2440,2464,2429,316442,774017132,1121592,0,0,2596,2256,0,0,08/19/2022 21:59:24,0,2455,246,2456,156,0,0,0,0,0,0,0,0,0,0,0,0,0,0,0,0,2446,20220819
20220819,MA301,,,2456,2426,2442,1215579,2440,2464,2429,316443,774019578,1121592,0,0,2596,2256,0,0,08/19/2022 21:59:24,0,2455,246,2456,156,0,0,0,0,0,0,0,0,0,0,0,0,0,0,0,0,2446,20220819
20220819,MA301,,,2456,2426,2442,1215579,2440,2464,2429,316443,774019578,1121592,0,0,2596,2256,0,0,08/19/2022 21:59:25,0,2455,298,2456,155,0,0,0,0,0,0,0,0,0,0,0,0,0,0,0,0,2446,20220819
20220819,MA301,,,2456,2426,2442,1215579,2440,2464,2429,316446,774026916,1121589,0,0,2596,2256,0,0,08/19/2022 21:59:26,0,2455,296,2456,156,0,0,0,0,0,0,0,0,0,0,0,0,0,0,0,0,2446,20220819
20220819,MA301,,,2456,2426,2442,1215579,2440,2464,2429,316450,774036700,1121585,0,0,2596,2256,0,0,08/19/2022 21:59:26,0,2455,301,2456,154,0,0,0,0,0,0,0,0,0,0,0,0,0,0,0,0,2446,20220819
20220819,MA301,,,2455,2426,2442,1215579,2440,2464,2429,316451,774039146,1121584,0,0,2596,2256,0,0,08/19/2022 21:59:27,0,2455,300,2456,158,0,0,0,0,0,0,0,0,0,0,0,0,0,0,0,0,2446,20220819
20220819,MA301,,,2456,2426,2442,1215579,2440,2464,2429,316457,774053822,1121578,0,0,2596,2256,0,0,08/19/2022 21:59:27,0,2455,295,2456,157,0,0,0,0,0,0,0,0,0,0,0,0,0,0,0,0,2446,20220819
20220819,MA301,,,2456,2426,2442,1215579,2440,2464,2429,316533,774239718,1121588,0,0,2596,2256,0,0,08/19/2022 21:59:28,0,2455,295,2456,136,0,0,0,0,0,0,0,0,0,0,0,0,0,0,0,0,2446,20220819
20220819,MA301,,,2456,2426,2442,1215579,2440,2464,2429,316534,774242164,1121588,0,0,2596,2256,0,0,08/19/2022 21:59:28,0,2455,307,2456,134,0,0,0,0,0,0,0,0,0,0,0,0,0,0,0,0,2446,20220819
20220819,MA301,,,2455,2426,2442,1215579,2440,2464,2429,316537,774249502,1121585,0,0,2596,2256,0,0,08/19/2022 21:59:29,0,2455,304,2456,134,0,0,0,0,0,0,0,0,0,0,0,0,0,0,0,0,2446,20220819
20220819,MA301,,,2455,2426,2442,1215579,2440,2464,2429,316541,774259286,1121583,0,0,2596,2256,0,0,08/19/2022 21:59:29,0,2455,322,2456,133,0,0,0,0,0,0,0,0,0,0,0,0,0,0,0,0,2446,20220819
20220819,MA301,,,2455,2426,2442,1215579,2440,2464,2429,316550,774281300,1121576,0,0,2596,2256,0,0,08/19/2022 21:59:30,0,2455,312,2456,131,0,0,0,0,0,0,0,0,0,0,0,0,0,0,0,0,2446,20220819
20220819,MA301,,,2456,2426,2442,1215579,2440,2464,2429,316553,774288638,1121575,0,0,2596,2256,0,0,08/19/2022 21:59:30,0,2455,310,2456,132,0,0,0,0,0,0,0,0,0,0,0,0,0,0,0,0,2446,20220819
20220819,MA301,,,2456,2426,2442,1215579,2440,2464,2429,316562,774310652,1121575,0,0,2596,2256,0,0,08/19/2022 21:59:31,0,2455,322,2456,119,0,0,0,0,0,0,0,0,0,0,0,0,0,0,0,0,2446,20220819
20220819,MA301,,,2455,2426,2442,1215579,2440,2464,2429,316567,774322882,1121579,0,0,2596,2256,0,0,08/19/2022 21:59:31,0,2455,318,2456,117,0,0,0,0,0,0,0,0,0,0,0,0,0,0,0,0,2446,20220819
20220819,MA301,,,2455,2426,2442,1215579,2440,2464,2429,316594,774388924,1121563,0,0,2596,2256,0,0,08/19/2022 21:59:32,0,2455,298,2456,113,0,0,0,0,0,0,0,0,0,0,0,0,0,0,0,0,2446,20220819
20220819,MA301,,,2455,2426,2442,1215579,2440,2464,2429,316596,774393816,1121562,0,0,2596,2256,0,0,08/19/2022 21:59:32,0,2455,297,2456,116,0,0,0,0,0,0,0,0,0,0,0,0,0,0,0,0,2446,20220819
20220819,MA301,,,2456,2426,2442,1215579,2440,2464,2429,316606,774418276,1121559,0,0,2596,2256,0,0,08/19/2022 21:59:33,0,2455,317,2456,109,0,0,0,0,0,0,0,0,0,0,0,0,0,0,0,0,2446,20220819
20220819,MA301,,,2456,2426,2442,1215579,2440,2464,2429,316623,774459858,1121543,0,0,2596,2256,0,0,08/19/2022 21:59:33,0,2455,317,2456,88,0,0,0,0,0,0,0,0,0,0,0,0,0,0,0,0,2446,20220819
20220819,MA301,,,2455,2426,2442,1215579,2440,2464,2429,316637,774494102,1121537,0,0,2596,2256,0,0,08/19/2022 21:59:34,0,2455,314,2456,78,0,0,0,0,0,0,0,0,0,0,0,0,0,0,0,0,2446,20220819
20220819,MA301,,,2456,2426,2442,1215579,2440,2464,2429,316638,774496548,1121538,0,0,2596,2256,0,0,08/19/2022 21:59:34,0,2455,314,2456,107,0,0,0,0,0,0,0,0,0,0,0,0,0,0,0,0,2446,20220819
20220819,MA301,,,2455,2426,2442,1215579,2440,2464,2429,316641,774503886,1121538,0,0,2596,2256,0,0,08/19/2022 21:59:35,0,2455,314,2456,105,0,0,0,0,0,0,0,0,0,0,0,0,0,0,0,0,2446,20220819
20220819,MA301,,,2456,2426,2442,1215579,2440,2464,2429,316643,774508778,1121540,0,0,2596,2256,0,0,08/19/2022 21:59:35,0,2455,308,2456,104,0,0,0,0,0,0,0,0,0,0,0,0,0,0,0,0,2446,20220819
20220819,MA301,,,2456,2426,2442,1215579,2440,2464,2429,316643,774508778,1121540,0,0,2596,2256,0,0,08/19/2022 21:59:36,0,2455,317,2456,104,0,0,0,0,0,0,0,0,0,0,0,0,0,0,0,0,2446,20220819
20220819,MA301,,,2455,2426,2442,1215579,2440,2464,2429,316645,774513670,1121540,0,0,2596,2256,0,0,08/19/2022 21:59:36,0,2455,316,2456,108,0,0,0,0,0,0,0,0,0,0,0,0,0,0,0,0,2446,20220819
20220819,MA301,,,2455,2426,2442,1215579,2440,2464,2429,316647,774518562,1121538,0,0,2596,2256,0,0,08/19/2022 21:59:37,0,2455,315,2456,116,0,0,0,0,0,0,0,0,0,0,0,0,0,0,0,0,2446,20220819
20220819,MA301,,,2455,2426,2442,1215579,2440,2464,2429,316651,774528346,1121536,0,0,2596,2256,0,0,08/19/2022 21:59:37,0,2455,311,2456,126,0,0,0,0,0,0,0,0,0,0,0,0,0,0,0,0,2446,20220819
20220819,MA301,,,2455,2426,2442,1215579,2440,2464,2429,316653,774533238,1121536,0,0,2596,2256,0,0,08/19/2022 21:59:38,0,2455,312,2456,166,0,0,0,0,0,0,0,0,0,0,0,0,0,0,0,0,2446,20220819
20220819,MA301,,,2455,2426,2442,1215579,2440,2464,2429,316654,774535684,1121536,0,0,2596,2256,0,0,08/19/2022 21:59:38,0,2455,312,2456,171,0,0,0,0,0,0,0,0,0,0,0,0,0,0,0,0,2446,20220819
20220819,MA301,,,2455,2426,2442,1215579,2440,2464,2429,316657,774543022,1121535,0,0,2596,2256,0,0,08/19/2022 21:59:39,0,2455,319,2456,181,0,0,0,0,0,0,0,0,0,0,0,0,0,0,0,0,2446,20220819
20220819,MA301,,,2456,2426,2442,1215579,2440,2464,2429,316659,774547914,1121535,0,0,2596,2256,0,0,08/19/2022 21:59:39,0,2455,319,2456,183,0,0,0,0,0,0,0,0,0,0,0,0,0,0,0,0,2446,20220819
20220819,MA301,,,2456,2426,2442,1215579,2440,2464,2429,316687,774616402,1121534,0,0,2596,2256,0,0,08/19/2022 21:59:40,0,2455,295,2456,194,0,0,0,0,0,0,0,0,0,0,0,0,0,0,0,0,2446,20220819
20220819,MA301,,,2455,2426,2442,1215579,2440,2464,2429,316688,774618848,1121534,0,0,2596,2256,0,0,08/19/2022 21:59:40,0,2455,292,2456,198,0,0,0,0,0,0,0,0,0,0,0,0,0,0,0,0,2446,20220819
20220819,MA301,,,2455,2426,2442,1215579,2440,2464,2429,316688,774618848,1121534,0,0,2596,2256,0,0,08/19/2022 21:59:41,0,2455,292,2456,199,0,0,0,0,0,0,0,0,0,0,0,0,0,0,0,0,2446,20220819
20220819,MA301,,,2455,2426,2442,1215579,2440,2464,2429,316688,774618848,1121534,0,0,2596,2256,0,0,08/19/2022 21:59:41,0,2455,287,2456,200,0,0,0,0,0,0,0,0,0,0,0,0,0,0,0,0,2446,20220819
20220819,MA301,,,2456,2426,2442,1215579,2440,2464,2429,316691,774626186,1121534,0,0,2596,2256,0,0,08/19/2022 21:59:42,0,2455,292,2456,197,0,0,0,0,0,0,0,0,0,0,0,0,0,0,0,0,2446,20220819
20220819,MA301,,,2456,2426,2442,1215579,2440,2464,2429,316691,774626186,1121534,0,0,2596,2256,0,0,08/19/2022 21:59:42,0,2455,293,2456,197,0,0,0,0,0,0,0,0,0,0,0,0,0,0,0,0,2446,20220819
20220819,MA301,,,2456,2426,2442,1215579,2440,2464,2429,316692,774628632,1121534,0,0,2596,2256,0,0,08/19/2022 21:59:43,0,2455,300,2456,199,0,0,0,0,0,0,0,0,0,0,0,0,0,0,0,0,2446,20220819
20220819,MA301,,,2455,2426,2442,1215579,2440,2464,2429,316694,774633524,1121533,0,0,2596,2256,0,0,08/19/2022 21:59:43,0,2455,299,2456,202,0,0,0,0,0,0,0,0,0,0,0,0,0,0,0,0,2446,20220819
20220819,MA301,,,2456,2426,2442,1215579,2440,2464,2429,316695,774635970,1121533,0,0,2596,2256,0,0,08/19/2022 21:59:44,0,2455,300,2456,208,0,0,0,0,0,0,0,0,0,0,0,0,0,0,0,0,2446,20220819
20220819,MA301,,,2456,2426,2442,1215579,2440,2464,2429,316695,774635970,1121533,0,0,2596,2256,0,0,08/19/2022 21:59:44,0,2455,300,2456,206,0,0,0,0,0,0,0,0,0,0,0,0,0,0,0,0,2446,20220819
20220819,MA301,,,2455,2426,2442,1215579,2440,2464,2429,316699,774645754,1121532,0,0,2596,2256,0,0,08/19/2022 21:59:45,0,2455,297,2456,212,0,0,0,0,0,0,0,0,0,0,0,0,0,0,0,0,2446,20220819
20220819,MA301,,,2455,2426,2442,1215579,2440,2464,2429,316701,774650646,1121533,0,0,2596,2256,0,0,08/19/2022 21:59:45,0,2455,296,2456,259,0,0,0,0,0,0,0,0,0,0,0,0,0,0,0,0,2446,20220819
20220819,MA301,,,2456,2426,2442,1215579,2440,2464,2429,316721,774699566,1121516,0,0,2596,2256,0,0,08/19/2022 21:59:46,0,2455,295,2456,247,0,0,0,0,0,0,0,0,0,0,0,0,0,0,0,0,2446,20220819
20220819,MA301,,,2455,2426,2442,1215579,2440,2464,2429,316722,774702012,1121515,0,0,2596,2256,0,0,08/19/2022 21:59:46,0,2455,294,2456,247,0,0,0,0,0,0,0,0,0,0,0,0,0,0,0,0,2446,20220819
20220819,MA301,,,2456,2426,2442,1215579,2440,2464,2429,316724,774706904,1121515,0,0,2596,2256,0,0,08/19/2022 21:59:47,0,2455,294,2456,246,0,0,0,0,0,0,0,0,0,0,0,0,0,0,0,0,2446,20220819
20220819,MA301,,,2456,2426,2442,1215579,2440,2464,2429,316735,774733810,1121517,0,0,2596,2256,0,0,08/19/2022 21:59:47,0,2455,293,2456,237,0,0,0,0,0,0,0,0,0,0,0,0,0,0,0,0,2446,20220819
20220819,MA301,,,2456,2426,2442,1215579,2440,2464,2429,316738,774741148,1121517,0,0,2596,2256,0,0,08/19/2022 21:59:48,0,2455,292,2456,236,0,0,0,0,0,0,0,0,0,0,0,0,0,0,0,0,2446,20220819
20220819,MA301,,,2455,2426,2442,1215579,2440,2464,2429,316744,774755824,1121514,0,0,2596,2256,0,0,08/19/2022 21:59:48,0,2455,318,2456,237,0,0,0,0,0,0,0,0,0,0,0,0,0,0,0,0,2446,20220819
20220819,MA301,,,2456,2426,2442,1215579,2440,2464,2429,316797,774885462,1121530,0,0,2596,2256,0,0,08/19/2022 21:59:49,0,2455,281,2456,200,0,0,0,0,0,0,0,0,0,0,0,0,0,0,0,0,2446,20220819
20220819,MA301,,,2456,2426,2442,1215579,2440,2464,2429,316832,774971072,1121504,0,0,2596,2256,0,0,08/19/2022 21:59:49,0,2455,266,2456,195,0,0,0,0,0,0,0,0,0,0,0,0,0,0,0,0,2446,20220819
20220819,MA301,,,2455,2426,2442,1215579,2440,2464,2429,316839,774988194,1121504,0,0,2596,2256,0,0,08/19/2022 21:59:50,0,2455,264,2456,214,0,0,0,0,0,0,0,0,0,0,0,0,0,0,0,0,2446,20220819
20220819,MA301,,,2456,2426,2442,1215579,2440,2464,2429,316842,774995532,1121501,0,0,2596,2256,0,0,08/19/2022 21:59:50,0,2455,266,2456,214,0,0,0,0,0,0,0,0,0,0,0,0,0,0,0,0,2446,20220819
20220819,MA301,,,2456,2426,2442,1215579,2440,2464,2429,316848,775010208,1121498,0,0,2596,2256,0,0,08/19/2022 21:59:50,0,2455,266,2456,208,0,0,0,0,0,0,0,0,0,0,0,0,0,0,0,0,2446,20220819
20220819,MA301,,,2455,2426,2442,1215579,2440,2464,2429,316849,775012654,1121498,0,0,2596,2256,0,0,08/19/2022 21:59:51,0,2455,265,2456,214,0,0,0,0,0,0,0,0,0,0,0,0,0,0,0,0,2446,20220819
20220819,MA301,,,2455,2426,2442,1215579,2440,2464,2429,316849,775012654,1121498,0,0,2596,2256,0,0,08/19/2022 21:59:52,0,2455,262,2456,217,0,0,0,0,0,0,0,0,0,0,0,0,0,0,0,0,2446,20220819
20220819,MA301,,,2456,2426,2442,1215579,2440,2464,2429,316851,775017546,1121497,0,0,2596,2256,0,0,08/19/2022 21:59:52,0,2455,264,2456,217,0,0,0,0,0,0,0,0,0,0,0,0,0,0,0,0,2446,20220819
20220819,MA301,,,2456,2426,2442,1215579,2440,2464,2429,316872,775068912,1121511,0,0,2596,2256,0,0,08/19/2022 21:59:53,0,2455,252,2456,216,0,0,0,0,0,0,0,0,0,0,0,0,0,0,0,0,2446,20220819
20220819,MA301,,,2455,2426,2442,1215579,2440,2464,2429,316883,775095818,1121522,0,0,2596,2256,0,0,08/19/2022 21:59:53,0,2455,245,2456,214,0,0,0,0,0,0,0,0,0,0,0,0,0,0,0,0,2446,20220819
20220819,MA301,,,2456,2426,2442,1215579,2440,2464,2429,316888,775108048,1121524,0,0,2596,2256,0,0,08/19/2022 21:59:54,0,2455,241,2456,215,0,0,0,0,0,0,0,0,0,0,0,0,0,0,0,0,2446,20220819
20220819,MA301,,,2455,2426,2442,1215579,2440,2464,2429,316915,775174090,1121526,0,0,2596,2256,0,0,08/19/2022 21:59:54,0,2455,211,2456,206,0,0,0,0,0,0,0,0,0,0,0,0,0,0,0,0,2446,20220819
20220819,MA301,,,2456,2426,2442,1215579,2440,2464,2429,316919,775183874,1121529,0,0,2596,2256,0,0,08/19/2022 21:59:55,0,2455,210,2456,207,0,0,0,0,0,0,0,0,0,0,0,0,0,0,0,0,2446,20220819
20220819,MA301,,,2456,2426,2442,1215579,2440,2464,2429,316942,775240132,1121526,0,0,2596,2256,0,0,08/19/2022 21:59:55,0,2455,217,2456,177,0,0,0,0,0,0,0,0,0,0,0,0,0,0,0,0,2446,20220819
20220819,MA301,,,2455,2426,2442,1215579,2440,2464,2429,316943,775242578,1121526,0,0,2596,2256,0,0,08/19/2022 21:59:56,0,2455,216,2456,166,0,0,0,0,0,0,0,0,0,0,0,0,0,0,0,0,2446,20220819
20220819,MA301,,,2455,2426,2442,1215579,2440,2464,2429,317015,775418690,1121557,0,0,2596,2256,0,0,08/19/2022 21:59:56,0,2455,145,2456,181,0,0,0,0,0,0,0,0,0,0,0,0,0,0,0,0,2446,20220819
20220819,MA301,,,2455,2426,2442,1215579,2440,2464,2429,317022,775435812,1121557,0,0,2596,2256,0,0,08/19/2022 21:59:57,0,2455,141,2456,188,0,0,0,0,0,0,0,0,0,0,0,0,0,0,0,0,2446,20220819
20220819,MA301,,,2455,2426,2442,1215579,2440,2464,2429,317024,775440704,1121558,0,0,2596,2256,0,0,08/19/2022 21:59:57,0,2455,152,2456,194,0,0,0,0,0,0,0,0,0,0,0,0,0,0,0,0,2446,20220819
20220819,MA301,,,2455,2426,2442,1215579,2440,2464,2429,317044,775489624,1121574,0,0,2596,2256,0,0,08/19/2022 21:59:58,0,2455,135,2456,192,0,0,0,0,0,0,0,0,0,0,0,0,0,0,0,0,2446,20220819
20220819,MA301,,,2455,2426,2442,1215579,2440,2464,2429,317055,775516530,1121564,0,0,2596,2256,0,0,08/19/2022 21:59:58,0,2455,134,2456,189,0,0,0,0,0,0,0,0,0,0,0,0,0,0,0,0,2446,20220819
20220819,MA301,,,2455,2426,2442,1215579,2440,2464,2429,317059,775526314,1121565,0,0,2596,2256,0,0,08/19/2022 21:59:59,0,2455,131,2456,194,0,0,0,0,0,0,0,0,0,0,0,0,0,0,0,0,2446,20220819
20220819,MA301,,,2455,2426,2442,1215579,2440,2464,2429,317081,775580126,1121559,0,0,2596,2256,0,0,08/19/2022 21:59:59,0,2455,131,2456,177,0,0,0,0,0,0,0,0,0,0,0,0,0,0,0,0,2446,20220819
20220819,MA301,,,2455,2426,2442,1215579,2440,2464,2429,317107,775643722,1121559,0,0,2596,2256,0,0,08/19/2022 22:00:00,0,2455,105,2456,183,0,0,0,0,0,0,0,0,0,0,0,0,0,0,0,0,2446,20220819
20220819,MA301,,,2456,2426,2442,1215579,2440,2464,2429,317450,776482700,1121506,0,0,2596,2256,0,0,08/19/2022 22:00:00,0,2455,92,2456,82,0,0,0,0,0,0,0,0,0,0,0,0,0,0,0,0,2446,20220819
20220819,MA301,,,2456,2426,2442,1215579,2440,2464,2429,317453,776490038,1121506,0,0,2596,2256,0,0,08/19/2022 22:00:01,0,2455,69,2456,164,0,0,0,0,0,0,0,0,0,0,0,0,0,0,0,0,2446,20220819
20220819,MA301,,,2456,2426,2442,1215579,2440,2464,2429,317471,776534066,1121498,0,0,2596,2256,0,0,08/19/2022 22:00:01,0,2455,73,2456,166,0,0,0,0,0,0,0,0,0,0,0,0,0,0,0,0,2446,20220819
20220819,MA301,,,2456,2426,2442,1215579,2440,2464,2429,317543,776710178,1121427,0,0,2596,2256,0,0,08/19/2022 22:00:02,0,2455,146,2456,78,0,0,0,0,0,0,0,0,0,0,0,0,0,0,0,0,2446,20220819
20220819,MA301,,,2455,2426,2442,1215579,2440,2464,2429,317593,776832478,1121391,0,0,2596,2256,0,0,08/19/2022 22:00:02,0,2455,154,2457,387,0,0,0,0,0,0,0,0,0,0,0,0,0,0,0,0,2446,20220819
20220819,MA301,,,2455,2426,2442,1215579,2440,2464,2429,317599,776847154,1121390,0,0,2596,2256,0,0,08/19/2022 22:00:03,0,2455,155,2456,20,0,0,0,0,0,0,0,0,0,0,0,0,0,0,0,0,2446,20220819
20220819,MA301,,,2456,2426,2442,1215579,2440,2464,2429,317605,776861830,1121390,0,0,2596,2256,0,0,08/19/2022 22:00:03,0,2456,23,2457,386,0,0,0,0,0,0,0,0,0,0,0,0,0,0,0,0,2446,20220819
20220819,MA301,,,2457,2426,2442,1215579,2440,2464,2429,317616,776888736,1121393,0,0,2596,2256,0,0,08/19/2022 22:00:04,0,2456,20,2457,406,0,0,0,0,0,0,0,0,0,0,0,0,0,0,0,0,2446,20220819
20220819,MA301,,,2455,2426,2442,1215579,2440,2464,2429,317685,777057510,1121381,0,0,2596,2256,0,0,08/19/2022 22:00:04,0,2455,164,2456,34,0,0,0,0,0,0,0,0,0,0,0,0,0,0,0,0,2446,20220819
20220819,MA301,,,2456,2426,2442,1215579,2440,2464,2429,317691,777072186,1121379,0,0,2596,2256,0,0,08/19/2022 22:00:05,0,2455,161,2456,124,0,0,0,0,0,0,0,0,0,0,0,0,0,0,0,0,2446,20220819
20220819,MA301,,,2455,2426,2442,1215579,2440,2464,2429,317695,777081970,1121382,0,0,2596,2256,0,0,08/19/2022 22:00:05,0,2455,157,2456,141,0,0,0,0,0,0,0,0,0,0,0,0,0,0,0,0,2446,20220819
20220819,MA301,,,2456,2426,2442,1215579,2440,2464,2429,317709,777116214,1121373,0,0,2596,2256,0,0,08/19/2022 22:00:06,0,2455,148,2456,130,0,0,0,0,0,0,0,0,0,0,0,0,0,0,0,0,2446,20220819
20220819,MA301,,,2456,2426,2442,1215579,2440,2464,2429,317711,777121106,1121373,0,0,2596,2256,0,0,08/19/2022 22:00:06,0,2455,140,2456,130,0,0,0,0,0,0,0,0,0,0,0,0,0,0,0,0,2446,20220819
20220819,MA301,,,2456,2426,2442,1215579,2440,2464,2429,317715,777130890,1121373,0,0,2596,2256,0,0,08/19/2022 22:00:07,0,2455,151,2456,130,0,0,0,0,0,0,0,0,0,0,0,0,0,0,0,0,2446,20220819
20220819,MA301,,,2456,2426,2442,1215579,2440,2464,2429,317722,777148012,1121374,0,0,2596,2256,0,0,08/19/2022 22:00:07,0,2455,155,2456,121,0,0,0,0,0,0,0,0,0,0,0,0,0,0,0,0,2446,20220819
20220819,MA301,,,2456,2426,2442,1215579,2440,2464,2429,317726,777157796,1121374,0,0,2596,2256,0,0,08/19/2022 22:00:08,0,2455,156,2456,116,0,0,0,0,0,0,0,0,0,0,0,0,0,0,0,0,2446,20220819
20220819,MA301,,,2456,2426,2442,1215579,2440,2464,2429,317732,777172472,1121374,0,0,2596,2256,0,0,08/19/2022 22:00:08,0,2455,154,2456,113,0,0,0,0,0,0,0,0,0,0,0,0,0,0,0,0,2446,20220819
20220819,MA301,,,2455,2426,2442,1215579,2440,2464,2429,317736,777182256,1121375,0,0,2596,2256,0,0,08/19/2022 22:00:09,0,2455,146,2456,113,0,0,0,0,0,0,0,0,0,0,0,0,0,0,0,0,2446,20220819
20220819,MA301,,,2456,2426,2442,1215579,2440,2464,2429,317752,777221392,1121383,0,0,2596,2256,0,0,08/19/2022 22:00:09,0,2455,140,2456,138,0,0,0,0,0,0,0,0,0,0,0,0,0,0,0,0,2446,20220819
20220819,MA301,,,2456,2426,2442,1215579,2440,2464,2429,317778,777284988,1121377,0,0,2596,2256,0,0,08/19/2022 22:00:10,0,2455,119,2456,158,0,0,0,0,0,0,0,0,0,0,0,0,0,0,0,0,2446,20220819
20220819,MA301,,,2455,2426,2442,1215579,2440,2464,2429,317906,777598076,1121323,0,0,2596,2256,0,0,08/19/2022 22:00:10,0,2454,384,2455,189,0,0,0,0,0,0,0,0,0,0,0,0,0,0,0,0,2446,20220819
20220819,MA301,,,2455,2426,2442,1215579,2440,2464,2429,317907,777600522,1121323,0,0,2596,2256,0,0,08/19/2022 22:00:11,0,2454,260,2455,237,0,0,0,0,0,0,0,0,0,0,0,0,0,0,0,0,2446,20220819
20220819,MA301,,,2455,2426,2442,1215579,2440,2464,2429,317908,777602968,1121323,0,0,2596,2256,0,0,08/19/2022 22:00:11,0,2454,243,2455,238,0,0,0,0,0,0,0,0,0,0,0,0,0,0,0,0,2446,20220819
20220819,MA301,,,2455,2426,2442,1215579,2440,2464,2429,317914,777617644,1121322,0,0,2596,2256,0,0,08/19/2022 22:00:12,0,2454,242,2455,234,0,0,0,0,0,0,0,0,0,0,0,0,0,0,0,0,2446,20220819
20220819,MA301,,,2455,2426,2442,1215579,2440,2464,2429,317936,777671456,1121313,0,0,2596,2256,0,0,08/19/2022 22:00:12,0,2454,237,2455,221,0,0,0,0,0,0,0,0,0,0,0,0,0,0,0,0,2446,20220819
20220819,MA301,,,2455,2426,2442,1215579,2440,2464,2429,317944,777691024,1121307,0,0,2596,2256,0,0,08/19/2022 22:00:13,0,2454,202,2455,219,0,0,0,0,0,0,0,0,0,0,0,0,0,0,0,0,2446,20220819
20220819,MA301,,,2455,2426,2442,1215579,2440,2464,2429,317951,777708146,1121309,0,0,2596,2256,0,0,08/19/2022 22:00:13,0,2454,198,2455,222,0,0,0,0,0,0,0,0,0,0,0,0,0,0,0,0,2446,20220819
20220819,MA301,,,2454,2426,2442,1215579,2440,2464,2429,317958,777725268,1121305,0,0,2596,2256,0,0,08/19/2022 22:00:14,0,2454,190,2455,222,0,0,0,0,0,0,0,0,0,0,0,0,0,0,0,0,2446,20220819
20220819,MA301,,,2454,2426,2442,1215579,2440,2464,2429,317999,777825554,1121308,0,0,2596,2256,0,0,08/19/2022 22:00:14,0,2454,166,2455,226,0,0,0,0,0,0,0,0,0,0,0,0,0,0,0,0,2446,20220819
20220819,MA301,,,2455,2426,2442,1215579,2440,2464,2429,318002,777832892,1121305,0,0,2596,2256,0,0,08/19/2022 22:00:15,0,2454,174,2455,226,0,0,0,0,0,0,0,0,0,0,0,0,0,0,0,0,2446,20220819
20220819,MA301,,,2454,2426,2442,1215579,2440,2464,2429,318026,777891596,1121294,0,0,2596,2256,0,0,08/19/2022 22:00:15,0,2454,208,2455,211,0,0,0,0,0,0,0,0,0,0,0,0,0,0,0,0,2446,20220819
20220819,MA301,,,2455,2426,2442,1215579,2440,2464,2429,318160,778219360,1121205,0,0,2596,2256,0,0,08/19/2022 22:00:16,0,2455,119,2456,219,0,0,0,0,0,0,0,0,0,0,0,0,0,0,0,0,2446,20220819
20220819,MA301,,,2455,2426,2442,1215579,2440,2464,2429,326536,798707056,1118488,0,0,2596,2256,0,0,08/19/2022 22:03:55,0,2454,199,2455,69,0,0,0,0,0,0,0,0,0,0,0,0,0,0,0,0,2446,20220819
20220819,MA301,,,2455,2426,2442,1215579,2440,2464,2429,326538,798711948,1118488,0,0,2596,2256,0,0,08/19/2022 22:03:55,0,2454,200,2455,67,0,0,0,0,0,0,0,0,0,0,0,0,0,0,0,0,2446,20220819
20220819,MA301,,,2455,2426,2442,1215579,2440,2464,2429,326539,798714394,1118488,0,0,2596,2256,0,0,08/19/2022 22:03:56,0,2454,177,2455,123,0,0,0,0,0,0,0,0,0,0,0,0,0,0,0,0,2446,20220819
20220819,MA301,,,2455,2426,2442,1215579,2440,2464,2429,326552,798746192,1118488,0,0,2596,2256,0,0,08/19/2022 22:03:56,0,2454,104,2455,141,0,0,0,0,0,0,0,0,0,0,0,0,0,0,0,0,2446,20220819
20220819,MA301,,,2455,2426,2442,1215579,2440,2464,2429,326553,798748638,1118488,0,0,2596,2256,0,0,08/19/2022 22:03:57,0,2454,104,2455,151,0,0,0,0,0,0,0,0,0,0,0,0,0,0,0,0,2446,20220819
20220819,MA301,,,2455,2426,2442,1215579,2440,2464,2429,326559,798763314,1118487,0,0,2596,2256,0,0,08/19/2022 22:03:57,0,2454,105,2455,169,0,0,0,0,0,0,0,0,0,0,0,0,0,0,0,0,2446,20220819
20220819,MA301,,,2454,2426,2442,1215579,2440,2464,2429,326564,798775544,1118483,0,0,2596,2256,0,0,08/19/2022 22:03:58,0,2454,98,2455,170,0,0,0,0,0,0,0,0,0,0,0,0,0,0,0,0,2446,20220819
20220819,MA301,,,2455,2426,2442,1215579,2440,2464,2429,326568,798785328,1118480,0,0,2596,2256,0,0,08/19/2022 22:03:58,0,2454,100,2455,167,0,0,0,0,0,0,0,0,0,0,0,0,0,0,0,0,2446,20220819
20220819,MA301,,,2455,2426,2442,1215579,2440,2464,2429,326568,798785328,1118480,0,0,2596,2256,0,0,08/19/2022 22:03:59,0,2454,100,2455,171,0,0,0,0,0,0,0,0,0,0,0,0,0,0,0,0,2446,20220819
20220819,MA301,,,2455,2426,2442,1215579,2440,2464,2429,326569,798787774,1118481,0,0,2596,2256,0,0,08/19/2022 22:04:00,0,2454,125,2455,139,0,0,0,0,0,0,0,0,0,0,0,0,0,0,0,0,2446,20220819
20220819,MA301,,,2455,2426,2442,1215579,2440,2464,2429,326569,798787774,1118481,0,0,2596,2256,0,0,08/19/2022 22:04:00,0,2454,147,2455,128,0,0,0,0,0,0,0,0,0,0,0,0,0,0,0,0,2446,20220819
20220819,MA301,,,2455,2426,2442,1215579,2440,2464,2429,326570,798790220,1118481,0,0,2596,2256,0,0,08/19/2022 22:04:01,0,2454,149,2455,169,0,0,0,0,0,0,0,0,0,0,0,0,0,0,0,0,2446,20220819
20220819,MA301,,,2455,2426,2442,1215579,2440,2464,2429,326575,798802450,1118481,0,0,2596,2256,0,0,08/19/2022 22:04:01,0,2454,150,2455,164,0,0,0,0,0,0,0,0,0,0,0,0,0,0,0,0,2446,20220819
20220819,MA301,,,2455,2426,2442,1215579,2440,2464,2429,326577,798807342,1118482,0,0,2596,2256,0,0,08/19/2022 22:04:02,0,2454,150,2455,162,0,0,0,0,0,0,0,0,0,0,0,0,0,0,0,0,2446,20220819
20220819,MA301,,,2454,2426,2442,1215579,2440,2464,2429,326581,798817126,1118482,0,0,2596,2256,0,0,08/19/2022 22:04:02,0,2454,137,2455,159,0,0,0,0,0,0,0,0,0,0,0,0,0,0,0,0,2446,20220819
20220819,MA301,,,2455,2426,2442,1215579,2440,2464,2429,326603,798870938,1118499,0,0,2596,2256,0,0,08/19/2022 22:04:03,0,2454,138,2455,138,0,0,0,0,0,0,0,0,0,0,0,0,0,0,0,0,2446,20220819
20220819,MA301,,,2455,2426,2442,1215579,2440,2464,2429,326603,798870938,1118499,0,0,2596,2256,0,0,08/19/2022 22:04:03,0,2454,139,2455,141,0,0,0,0,0,0,0,0,0,0,0,0,0,0,0,0,2446,20220819
20220819,MA301,,,2455,2426,2442,1215579,2440,2464,2429,326604,798873384,1118499,0,0,2596,2256,0,0,08/19/2022 22:04:04,0,2454,140,2455,147,0,0,0,0,0,0,0,0,0,0,0,0,0,0,0,0,2446,20220819
20220819,MA301,,,2454,2426,2442,1215579,2440,2464,2429,326605,798875830,1118498,0,0,2596,2256,0,0,08/19/2022 22:04:04,0,2454,144,2455,147,0,0,0,0,0,0,0,0,0,0,0,0,0,0,0,0,2446,20220819
20220819,MA301,,,2455,2426,2442,1215579,2440,2464,2429,326735,799193810,1118438,0,0,2596,2256,0,0,08/19/2022 22:04:05,0,2455,47,2456,586,0,0,0,0,0,0,0,0,0,0,0,0,0,0,0,0,2446,20220819
20220819,MA301,,,2455,2426,2442,1215579,2440,2464,2429,326762,799259852,1118438,0,0,2596,2256,0,0,08/19/2022 22:04:05,0,2455,148,2456,470,0,0,0,0,0,0,0,0,0,0,0,0,0,0,0,0,2446,20220819
20220819,MA301,,,2455,2426,2442,1215579,2440,2464,2429,326769,799276974,1118437,0,0,2596,2256,0,0,08/19/2022 22:04:06,0,2455,144,2456,469,0,0,0,0,0,0,0,0,0,0,0,0,0,0,0,0,2446,20220819
20220819,MA301,,,2455,2426,2442,1215579,2440,2464,2429,326788,799323448,1118434,0,0,2596,2256,0,0,08/19/2022 22:04:06,0,2455,105,2456,467,0,0,0,0,0,0,0,0,0,0,0,0,0,0,0,0,2446,20220819
20220819,MA301,,,2455,2426,2442,1215579,2440,2464,2429,326795,799340570,1118428,0,0,2596,2256,0,0,08/19/2022 22:04:07,0,2455,95,2456,467,0,0,0,0,0,0,0,0,0,0,0,0,0,0,0,0,2446,20220819
20220819,MA301,,,2455,2426,2442,1215579,2440,2464,2429,326800,799352800,1118427,0,0,2596,2256,0,0,08/19/2022 22:04:07,0,2455,95,2456,464,0,0,0,0,0,0,0,0,0,0,0,0,0,0,0,0,2446,20220819
20220819,MA301,,,2455,2426,2442,1215579,2440,2464,2429,326802,799357692,1118425,0,0,2596,2256,0,0,08/19/2022 22:04:08,0,2455,120,2456,464,0,0,0,0,0,0,0,0,0,0,0,0,0,0,0,0,2446,20220819
20220819,MA301,,,2455,2426,2442,1215579,2440,2464,2429,326806,799367476,1118423,0,0,2596,2256,0,0,08/19/2022 22:04:08,0,2455,119,2456,472,0,0,0,0,0,0,0,0,0,0,0,0,0,0,0,0,2446,20220819
20220819,MA301,,,2456,2426,2442,1215579,2440,2464,2429,326939,799692794,1118319,0,0,2596,2256,0,0,08/19/2022 22:04:09,0,2455,92,2456,387,0,0,0,0,0,0,0,0,0,0,0,0,0,0,0,0,2446,20220819
20220819,MA301,,,2455,2426,2442,1215579,2440,2464,2429,326997,799834662,1118351,0,0,2596,2256,0,0,08/19/2022 22:04:09,0,2455,10,2456,384,0,0,0,0,0,0,0,0,0,0,0,0,0,0,0,0,2446,20220819
20220819,MA301,,,2456,2426,2442,1215579,2440,2464,2429,327010,799866460,1118346,0,0,2596,2256,0,0,08/19/2022 22:04:10,0,2455,1,2456,396,0,0,0,0,0,0,0,0,0,0,0,0,0,0,0,0,2446,20220819
20220819,MA301,,,2455,2426,2442,1215579,2440,2464,2429,327014,799876244,1118342,0,0,2596,2256,0,0,08/19/2022 22:04:10,0,2454,265,2455,79,0,0,0,0,0,0,0,0,0,0,0,0,0,0,0,0,2446,20220819
20220819,MA301,,,2454,2426,2442,1215579,2440,2464,2429,327024,799900704,1118332,0,0,2596,2256,0,0,08/19/2022 22:04:11,0,2454,263,2455,124,0,0,0,0,0,0,0,0,0,0,0,0,0,0,0,0,2446,20220819
20220819,MA301,,,2455,2426,2442,1215579,2440,2464,2429,327026,799905596,1118330,0,0,2596,2256,0,0,08/19/2022 22:04:11,0,2454,262,2455,120,0,0,0,0,0,0,0,0,0,0,0,0,0,0,0,0,2446,20220819
20220819,MA301,,,2455,2426,2442,1215579,2440,2464,2429,327029,799912934,1118330,0,0,2596,2256,0,0,08/19/2022 22:04:12,0,2454,265,2455,117,0,0,0,0,0,0,0,0,0,0,0,0,0,0,0,0,2446,20220819
20220819,MA301,,,2455,2426,2442,1215579,2440,2464,2429,327039,799937394,1118328,0,0,2596,2256,0,0,08/19/2022 22:04:12,0,2454,264,2455,109,0,0,0,0,0,0,0,0,0,0,0,0,0,0,0,0,2446,20220819
20220819,MA301,,,2455,2426,2442,1215579,2440,2464,2429,327042,799944732,1118326,0,0,2596,2256,0,0,08/19/2022 22:04:13,0,2454,254,2455,106,0,0,0,0,0,0,0,0,0,0,0,0,0,0,0,0,2446,20220819
20220819,MA301,,,2455,2426,2442,1215579,2440,2464,2429,327049,799961854,1118324,0,0,2596,2256,0,0,08/19/2022 22:04:13,0,2454,249,2455,125,0,0,0,0,0,0,0,0,0,0,0,0,0,0,0,0,2446,20220819
20220819,MA301,,,2455,2426,2442,1215579,2440,2464,2429,327050,799964300,1118324,0,0,2596,2256,0,0,08/19/2022 22:04:14,0,2454,228,2455,127,0,0,0,0,0,0,0,0,0,0,0,0,0,0,0,0,2446,20220819
20220819,MA301,,,2455,2426,2442,1215579,2440,2464,2429,327059,799986314,1118323,0,0,2596,2256,0,0,08/19/2022 22:04:14,0,2454,233,2455,119,0,0,0,0,0,0,0,0,0,0,0,0,0,0,0,0,2446,20220819
20220819,MA301,,,2455,2426,2442,1215579,2440,2464,2429,327059,799986314,1118323,0,0,2596,2256,0,0,08/19/2022 22:04:15,0,2454,243,2455,95,0,0,0,0,0,0,0,0,0,0,0,0,0,0,0,0,2446,20220819
20220819,MA301,,,2455,2426,2442,1215579,2440,2464,2429,327071,800015666,1118323,0,0,2596,2256,0,0,08/19/2022 22:04:15,0,2454,244,2455,91,0,0,0,0,0,0,0,0,0,0,0,0,0,0,0,0,2446,20220819
20220819,MA301,,,2455,2426,2442,1215579,2440,2464,2429,327071,800015666,1118323,0,0,2596,2256,0,0,08/19/2022 22:04:16,0,2454,248,2455,101,0,0,0,0,0,0,0,0,0,0,0,0,0,0,0,0,2446,20220819
20220819,MA301,,,2455,2426,2442,1215579,2440,2464,2429,327075,800025450,1118322,0,0,2596,2256,0,0,08/19/2022 22:04:16,0,2454,225,2455,146,0,0,0,0,0,0,0,0,0,0,0,0,0,0,0,0,2446,20220819
20220819,MA301,,,2455,2426,2442,1215579,2440,2464,2429,327086,800052356,1118313,0,0,2596,2256,0,0,08/19/2022 22:04:17,0,2454,192,2455,181,0,0,0,0,0,0,0,0,0,0,0,0,0,0,0,0,2446,20220819
20220819,MA301,,,2454,2426,2442,1215579,2440,2464,2429,337177,824734942,1115086,0,0,2596,2256,0,0,08/19/2022 22:09:51,0,2453,299,2454,133,0,0,0,0,0,0,0,0,0,0,0,0,0,0,0,0,2446,20220819
20220819,MA301,,,2454,2426,2442,1215579,2440,2464,2429,337239,824886594,1115046,0,0,2596,2256,0,0,08/19/2022 22:09:51,0,2453,263,2454,76,0,0,0,0,0,0,0,0,0,0,0,0,0,0,0,0,2446,20220819
20220819,MA301,,,2454,2426,2442,1215579,2440,2464,2429,337266,824952636,1115019,0,0,2596,2256,0,0,08/19/2022 22:09:52,0,2453,259,2454,37,0,0,0,0,0,0,0,0,0,0,0,0,0,0,0,0,2446,20220819
20220819,MA301,,,2454,2426,2442,1215579,2440,2464,2429,337304,825045584,1114999,0,0,2596,2256,0,0,08/19/2022 22:09:52,0,2453,261,2454,1,0,0,0,0,0,0,0,0,0,0,0,0,0,0,0,0,2446,20220819
20220819,MA301,,,2454,2426,2442,1215579,2440,2464,2429,337317,825077382,1114988,0,0,2596,2256,0,0,08/19/2022 22:09:53,0,2454,18,2455,272,0,0,0,0,0,0,0,0,0,0,0,0,0,0,0,0,2446,20220819
20220819,MA301,,,2455,2426,2442,1215579,2440,2464,2429,337335,825121410,1114975,0,0,2596,2256,0,0,08/19/2022 22:09:54,0,2454,116,2455,245,0,0,0,0,0,0,0,0,0,0,0,0,0,0,0,0,2446,20220819
20220819,MA301,,,2454,2426,2442,1215579,2440,2464,2429,337338,825128748,1114973,0,0,2596,2256,0,0,08/19/2022 22:09:54,0,2454,122,2455,245,0,0,0,0,0,0,0,0,0,0,0,0,0,0,0,0,2446,20220819
20220819,MA301,,,2454,2426,2442,1215579,2440,2464,2429,337340,825133640,1114971,0,0,2596,2256,0,0,08/19/2022 22:09:55,0,2454,60,2455,247,0,0,0,0,0,0,0,0,0,0,0,0,0,0,0,0,2446,20220819
20220819,MA301,,,2454,2426,2442,1215579,2440,2464,2429,337356,825172776,1114967,0,0,2596,2256,0,0,08/19/2022 22:09:55,0,2454,9,2455,250,0,0,0,0,0,0,0,0,0,0,0,0,0,0,0,0,2446,20220819
20220819,MA301,,,2454,2426,2442,1215579,2440,2464,2429,337357,825175222,1114967,0,0,2596,2256,0,0,08/19/2022 22:09:55,0,2454,44,2455,250,0,0,0,0,0,0,0,0,0,0,0,0,0,0,0,0,2446,20220819
20220819,MA301,,,2454,2426,2442,1215579,2440,2464,2429,337371,825209466,1114962,0,0,2596,2256,0,0,08/19/2022 22:09:56,0,2454,84,2455,309,0,0,0,0,0,0,0,0,0,0,0,0,0,0,0,0,2446,20220819
20220819,MA301,,,2454,2426,2442,1215579,2440,2464,2429,337373,825214358,1114961,0,0,2596,2256,0,0,08/19/2022 22:09:56,0,2454,82,2455,302,0,0,0,0,0,0,0,0,0,0,0,0,0,0,0,0,2446,20220819
20220819,MA301,,,2454,2426,2442,1215579,2440,2464,2429,337377,825224142,1114960,0,0,2596,2256,0,0,08/19/2022 22:09:57,0,2454,103,2455,302,0,0,0,0,0,0,0,0,0,0,0,0,0,0,0,0,2446,20220819
20220819,MA301,,,2454,2426,2442,1215579,2440,2464,2429,337379,825229034,1114959,0,0,2596,2256,0,0,08/19/2022 22:09:58,0,2454,177,2455,288,0,0,0,0,0,0,0,0,0,0,0,0,0,0,0,0,2446,20220819
20220819,MA301,,,2454,2426,2442,1215579,2440,2464,2429,337382,825236372,1114956,0,0,2596,2256,0,0,08/19/2022 22:09:58,0,2454,176,2455,283,0,0,0,0,0,0,0,0,0,0,0,0,0,0,0,0,2446,20220819
20220819,MA301,,,2454,2426,2442,1215579,2440,2464,2429,337387,825248602,1114954,0,0,2596,2256,0,0,08/19/2022 22:09:59,0,2454,171,2455,283,0,0,0,0,0,0,0,0,0,0,0,0,0,0,0,0,2446,20220819
20220819,MA301,,,2454,2426,2442,1215579,2440,2464,2429,337388,825251048,1114953,0,0,2596,2256,0,0,08/19/2022 22:09:59,0,2454,170,2455,292,0,0,0,0,0,0,0,0,0,0,0,0,0,0,0,0,2446,20220819
20220819,MA301,,,2454,2426,2442,1215579,2440,2464,2429,337389,825253494,1114954,0,0,2596,2256,0,0,08/19/2022 22:09:59,0,2454,89,2455,300,0,0,0,0,0,0,0,0,0,0,0,0,0,0,0,0,2446,20220819
20220819,MA301,,,2455,2426,2442,1215579,2440,2464,2429,337435,825366010,1114958,0,0,2596,2256,0,0,08/19/2022 22:10:00,0,2454,23,2455,277,0,0,0,0,0,0,0,0,0,0,0,0,0,0,0,0,2446,20220819
20220819,MA301,,,2455,2426,2442,1215579,2440,2464,2429,337499,825522554,1114928,0,0,2596,2256,0,0,08/19/2022 22:10:01,0,2454,53,2455,216,0,0,0,0,0,0,0,0,0,0,0,0,0,0,0,0,2446,20220819
20220819,MA301,,,2455,2426,2442,1215579,2440,2464,2429,337505,825537230,1114927,0,0,2596,2256,0,0,08/19/2022 22:10:01,0,2454,196,2455,215,0,0,0,0,0,0,0,0,0,0,0,0,0,0,0,0,2446,20220819
20220819,MA301,,,2454,2426,2442,1215579,2440,2464,2429,337513,825556798,1114921,0,0,2596,2256,0,0,08/19/2022 22:10:01,0,2454,198,2455,197,0,0,0,0,0,0,0,0,0,0,0,0,0,0,0,0,2446,20220819
20220819,MA301,,,2454,2426,2442,1215579,2440,2464,2429,337513,825556798,1114921,0,0,2596,2256,0,0,08/19/2022 22:10:02,0,2454,254,2455,196,0,0,0,0,0,0,0,0,0,0,0,0,0,0,0,0,2446,20220819
20220819,MA301,,,2455,2426,2442,1215579,2440,2464,2429,337518,825569028,1114917,0,0,2596,2256,0,0,08/19/2022 22:10:03,0,2454,230,2455,196,0,0,0,0,0,0,0,0,0,0,0,0,0,0,0,0,2446,20220819
20220819,MA301,,,2454,2426,2442,1215579,2440,2464,2429,337525,825586150,1114916,0,0,2596,2256,0,0,08/19/2022 22:10:03,0,2454,225,2455,187,0,0,0,0,0,0,0,0,0,0,0,0,0,0,0,0,2446,20220819
20220819,MA301,,,2455,2426,2442,1215579,2440,2464,2429,337541,825625286,1114915,0,0,2596,2256,0,0,08/19/2022 22:10:04,0,2454,225,2455,171,0,0,0,0,0,0,0,0,0,0,0,0,0,0,0,0,2446,20220819
20220819,MA301,,,2454,2426,2442,1215579,2440,2464,2429,337543,825630178,1114915,0,0,2596,2256,0,0,08/19/2022 22:10:04,0,2454,230,2455,220,0,0,0,0,0,0,0,0,0,0,0,0,0,0,0,0,2446,20220819
20220819,MA301,,,2454,2426,2442,1215579,2440,2464,2429,337555,825659530,1114917,0,0,2596,2256,0,0,08/19/2022 22:10:05,0,2454,221,2455,219,0,0,0,0,0,0,0,0,0,0,0,0,0,0,0,0,2446,20220819
20220819,MA301,,,2457,2426,2442,1215579,2440,2464,2429,347612,850606564,1111894,0,0,2596,2256,0,0,08/19/2022 22:14:16,0,2456,99,2457,232,0,0,0,0,0,0,0,0,0,0,0,0,0,0,0,0,2447,20220819
20220819,MA301,,,2456,2426,2442,1215579,2440,2464,2429,347617,850618799,1111894,0,0,2596,2256,0,0,08/19/2022 22:14:17,0,2456,97,2457,216,0,0,0,0,0,0,0,0,0,0,0,0,0,0,0,0,2447,20220819
20220819,MA301,,,2457,2426,2442,1215579,2440,2464,2429,347648,850694656,1111869,0,0,2596,2256,0,0,08/19/2022 22:14:18,0,2456,141,2457,187,0,0,0,0,0,0,0,0,0,0,0,0,0,0,0,0,2447,20220819
20220819,MA301,,,2457,2426,2442,1215579,2440,2464,2429,347729,850892863,1111808,0,0,2596,2256,0,0,08/19/2022 22:14:18,0,2456,132,2457,94,0,0,0,0,0,0,0,0,0,0,0,0,0,0,0,0,2447,20220819
20220819,MA301,,,2457,2426,2442,1215579,2440,2464,2429,347847,851181609,1111730,0,0,2596,2256,0,0,08/19/2022 22:14:19,0,2457,67,2458,402,0,0,0,0,0,0,0,0,0,0,0,0,0,0,0,0,2447,20220819
20220819,MA301,,,2457,2426,2442,1215579,2440,2464,2429,347879,851259913,1111705,0,0,2596,2256,0,0,08/19/2022 22:14:19,0,2457,43,2458,392,0,0,0,0,0,0,0,0,0,0,0,0,0,0,0,0,2447,20220819
20220819,MA301,,,2457,2426,2442,1215579,2440,2464,2429,347883,851269701,1111702,0,0,2596,2256,0,0,08/19/2022 22:14:20,0,2457,42,2458,386,0,0,0,0,0,0,0,0,0,0,0,0,0,0,0,0,2447,20220819
20220819,MA301,,,2458,2426,2442,1215579,2440,2464,2429,347884,851272148,1111703,0,0,2596,2256,0,0,08/19/2022 22:14:20,0,2457,41,2458,376,0,0,0,0,0,0,0,0,0,0,0,0,0,0,0,0,2447,20220819
20220819,MA301,,,2457,2426,2442,1215579,2440,2464,2429,347901,851313747,1111691,0,0,2596,2256,0,0,08/19/2022 22:14:21,0,2457,25,2458,372,0,0,0,0,0,0,0,0,0,0,0,0,0,0,0,0,2447,20220819
20220819,MA301,,,2458,2426,2442,1215579,2440,2464,2429,347903,851318641,1111690,0,0,2596,2256,0,0,08/19/2022 22:14:21,0,2457,54,2458,370,0,0,0,0,0,0,0,0,0,0,0,0,0,0,0,0,2447,20220819
20220819,MA301,,,2457,2426,2442,1215579,2440,2464,2429,347906,851325982,1111688,0,0,2596,2256,0,0,08/19/2022 22:14:22,0,2457,53,2458,369,0,0,0,0,0,0,0,0,0,0,0,0,0,0,0,0,2447,20220819
20220819,MA301,,,2457,2426,2442,1215579,2440,2464,2429,347966,851472802,1111653,0,0,2596,2256,0,0,08/19/2022 22:14:22,0,2456,175,2457,1,0,0,0,0,0,0,0,0,0,0,0,0,0,0,0,0,2447,20220819
20220819,MA301,,,2457,2426,2442,1215579,2440,2464,2429,347996,851546212,1111636,0,0,2596,2256,0,0,08/19/2022 22:14:23,0,2456,175,2457,44,0,0,0,0,0,0,0,0,0,0,0,0,0,0,0,0,2447,20220819
20220819,MA301,,,2457,2426,2442,1215579,2440,2464,2429,348015,851592705,1111617,0,0,2596,2256,0,0,08/19/2022 22:14:23,0,2456,172,2457,101,0,0,0,0,0,0,0,0,0,0,0,0,0,0,0,0,2447,20220819
20220819,MA301,,,2457,2426,2442,1215579,2440,2464,2429,348020,851604940,1111617,0,0,2596,2256,0,0,08/19/2022 22:14:24,0,2456,172,2457,102,0,0,0,0,0,0,0,0,0,0,0,0,0,0,0,0,2447,20220819
20220819,MA301,,,2457,2426,2442,1215579,2440,2464,2429,348026,851619622,1111611,0,0,2596,2256,0,0,08/19/2022 22:14:24,0,2456,176,2457,116,0,0,0,0,0,0,0,0,0,0,0,0,0,0,0,0,2447,20220819
20220819,MA301,,,2457,2426,2442,1215579,2440,2464,2429,348031,851631857,1111611,0,0,2596,2256,0,0,08/19/2022 22:14:25,0,2456,155,2457,144,0,0,0,0,0,0,0,0,0,0,0,0,0,0,0,0,2447,20220819
20220819,MA301,,,2457,2426,2442,1215579,2440,2464,2429,348036,851644092,1111609,0,0,2596,2256,0,0,08/19/2022 22:14:25,0,2456,131,2457,141,0,0,0,0,0,0,0,0,0,0,0,0,0,0,0,0,2447,20220819
20220819,MA301,,,2457,2426,2442,1215579,2440,2464,2429,348064,851712608,1111604,0,0,2596,2256,0,0,08/19/2022 22:14:26,0,2456,149,2457,99,0,0,0,0,0,0,0,0,0,0,0,0,0,0,0,0,2447,20220819
20220819,MA301,,,2457,2426,2442,1215579,2440,2464,2429,348076,851741972,1111607,0,0,2596,2256,0,0,08/19/2022 22:14:26,0,2456,160,2457,75,0,0,0,0,0,0,0,0,0,0,0,0,0,0,0,0,2447,20220819
20220819,MA301,,,2457,2426,2442,1215579,2440,2464,2429,348080,851751760,1111605,0,0,2596,2256,0,0,08/19/2022 22:14:27,0,2456,159,2457,132,0,0,0,0,0,0,0,0,0,0,0,0,0,0,0,0,2447,20220819
20220819,MA301,,,2457,2426,2442,1215579,2440,2464,2429,348081,851754207,1111605,0,0,2596,2256,0,0,08/19/2022 22:14:27,0,2456,151,2457,150,0,0,0,0,0,0,0,0,0,0,0,0,0,0,0,0,2447,20220819
20220819,MA301,,,2457,2426,2442,1215579,2440,2464,2429,348099,851798253,1111594,0,0,2596,2256,0,0,08/19/2022 22:14:28,0,2456,140,2457,149,0,0,0,0,0,0,0,0,0,0,0,0,0,0,0,0,2447,20220819
20220819,MA301,,,2456,2426,2442,1215579,2440,2464,2429,348106,851815382,1111593,0,0,2596,2256,0,0,08/19/2022 22:14:28,0,2456,161,2457,84,0,0,0,0,0,0,0,0,0,0,0,0,0,0,0,0,2447,20220819
20220819,MA301,,,2457,2426,2442,1215579,2440,2464,2429,348110,851825170,1111592,0,0,2596,2256,0,0,08/19/2022 22:14:29,0,2456,161,2457,53,0,0,0,0,0,0,0,0,0,0,0,0,0,0,0,0,2447,20220819
20220819,MA301,,,2457,2426,2442,1215579,2440,2464,2429,348118,851844746,1111587,0,0,2596,2256,0,0,08/19/2022 22:14:29,0,2456,167,2457,131,0,0,0,0,0,0,0,0,0,0,0,0,0,0,0,0,2447,20220819
20220819,MA301,,,2457,2426,2442,1215579,2440,2464,2429,348126,851864322,1111590,0,0,2596,2256,0,0,08/19/2022 22:14:30,0,2456,170,2457,160,0,0,0,0,0,0,0,0,0,0,0,0,0,0,0,0,2447,20220819
20220819,MA301,,,2457,2426,2442,1215579,2440,2464,2429,348128,851869216,1111592,0,0,2596,2256,0,0,08/19/2022 22:14:30,0,2456,174,2457,175,0,0,0,0,0,0,0,0,0,0,0,0,0,0,0,0,2447,20220819
20220819,MA301,,,2457,2426,2442,1215579,2440,2464,2429,348188,852016036,1111555,0,0,2596,2256,0,0,08/19/2022 22:14:31,0,2456,96,2457,232,0,0,0,0,0,0,0,0,0,0,0,0,0,0,0,0,2447,20220819
20220819,MA301,,,2456,2426,2442,1215579,2440,2464,2429,348287,852258289,1111500,0,0,2596,2256,0,0,08/19/2022 22:14:31,0,2455,353,2456,203,0,0,0,0,0,0,0,0,0,0,0,0,0,0,0,0,2447,20220819
20220819,MA301,,,2456,2426,2442,1215579,2440,2464,2429,348291,852268077,1111499,0,0,2596,2256,0,0,08/19/2022 22:14:32,0,2455,377,2456,215,0,0,0,0,0,0,0,0,0,0,0,0,0,0,0,0,2447,20220819
20220819,MA301,,,2456,2426,2442,1215579,2440,2464,2429,348319,852336593,1111481,0,0,2596,2256,0,0,08/19/2022 22:14:32,0,2455,377,2456,187,0,0,0,0,0,0,0,0,0,0,0,0,0,0,0,0,2447,20220819
20220819,MA301,,,2456,2426,2442,1215579,2440,2464,2429,348325,852351275,1111481,0,0,2596,2256,0,0,08/19/2022 22:14:33,0,2455,378,2456,167,0,0,0,0,0,0,0,0,0,0,0,0,0,0,0,0,2447,20220819
20220819,MA301,,,2456,2426,2442,1215579,2440,2464,2429,348335,852375745,1111474,0,0,2596,2256,0,0,08/19/2022 22:14:33,0,2455,377,2456,158,0,0,0,0,0,0,0,0,0,0,0,0,0,0,0,0,2447,20220819
20220819,MA301,,,2456,2426,2442,1215579,2440,2464,2429,348339,852385533,1111473,0,0,2596,2256,0,0,08/19/2022 22:14:34,0,2455,377,2456,175,0,0,0,0,0,0,0,0,0,0,0,0,0,0,0,0,2447,20220819
20220819,MA301,,,2456,2426,2442,1215579,2440,2464,2429,348342,852392874,1111472,0,0,2596,2256,0,0,08/19/2022 22:14:34,0,2455,378,2456,172,0,0,0,0,0,0,0,0,0,0,0,0,0,0,0,0,2447,20220819
20220819,MA301,,,2456,2426,2442,1215579,2440,2464,2429,348354,852422238,1111462,0,0,2596,2256,0,0,08/19/2022 22:14:35,0,2455,417,2456,160,0,0,0,0,0,0,0,0,0,0,0,0,0,0,0,0,2447,20220819
20220819,MA301,,,2456,2426,2442,1215579,2440,2464,2429,348359,852434473,1111460,0,0,2596,2256,0,0,08/19/2022 22:14:35,0,2455,422,2456,158,0,0,0,0,0,0,0,0,0,0,0,0,0,0,0,0,2447,20220819
20220819,MA301,,,2456,2426,2442,1215579,2440,2464,2429,348359,852434473,1111460,0,0,2596,2256,0,0,08/19/2022 22:14:35,0,2455,418,2456,156,0,0,0,0,0,0,0,0,0,0,0,0,0,0,0,0,2447,20220819
20220819,MA301,,,2456,2426,2442,1215579,2440,2464,2429,348362,852441814,1111459,0,0,2596,2256,0,0,08/19/2022 22:14:36,0,2455,419,2456,159,0,0,0,0,0,0,0,0,0,0,0,0,0,0,0,0,2447,20220819
20220819,MA301,,,2456,2426,2442,1215579,2440,2464,2429,348363,852444261,1111459,0,0,2596,2256,0,0,08/19/2022 22:14:36,0,2455,419,2456,158,0,0,0,0,0,0,0,0,0,0,0,0,0,0,0,0,2447,20220819
20220819,MA301,,,2456,2426,2442,1215579,2440,2464,2429,348366,852451602,1111456,0,0,2596,2256,0,0,08/19/2022 22:14:37,0,2455,420,2456,155,0,0,0,0,0,0,0,0,0,0,0,0,0,0,0,0,2447,20220819
20220819,MA301,,,2456,2426,2442,1215579,2440,2464,2429,348391,852512777,1111434,0,0,2596,2256,0,0,08/19/2022 22:14:38,0,2455,420,2456,130,0,0,0,0,0,0,0,0,0,0,0,0,0,0,0,0,2447,20220819
20220819,MA301,,,2456,2426,2442,1215579,2440,2464,2429,348422,852588634,1111431,0,0,2596,2256,0,0,08/19/2022 22:14:38,0,2455,421,2456,100,0,0,0,0,0,0,0,0,0,0,0,0,0,0,0,0,2447,20220819
20220819,MA301,,,2456,2426,2442,1215579,2440,2464,2429,348433,852615551,1111421,0,0,2596,2256,0,0,08/19/2022 22:14:38,0,2455,410,2456,99,0,0,0,0,0,0,0,0,0,0,0,0,0,0,0,0,2447,20220819
20220819,MA301,,,2455,2426,2442,1215579,2440,2464,2429,348438,852627786,1111418,0,0,2596,2256,0,0,08/19/2022 22:14:39,0,2455,408,2456,97,0,0,0,0,0,0,0,0,0,0,0,0,0,0,0,0,2447,20220819
20220819,MA301,,,2456,2426,2442,1215579,2440,2464,2429,348491,852757477,1111372,0,0,2596,2256,0,0,08/19/2022 22:14:40,0,2455,363,2456,91,0,0,0,0,0,0,0,0,0,0,0,0,0,0,0,0,2447,20220819
20220819,MA301,,,2456,2426,2442,1215579,2440,2464,2429,348496,852769712,1111370,0,0,2596,2256,0,0,08/19/2022 22:14:40,0,2455,366,2456,113,0,0,0,0,0,0,0,0,0,0,0,0,0,0,0,0,2447,20220819
20220819,MA301,,,2456,2426,2442,1215579,2440,2464,2429,348496,852769712,1111370,0,0,2596,2256,0,0,08/19/2022 22:14:41,0,2455,368,2456,88,0,0,0,0,0,0,0,0,0,0,0,0,0,0,0,0,2447,20220819
20220819,MA301,,,2456,2426,2442,1215579,2440,2464,2429,348506,852794182,1111362,0,0,2596,2256,0,0,08/19/2022 22:14:41,0,2455,370,2456,79,0,0,0,0,0,0,0,0,0,0,0,0,0,0,0,0,2447,20220819
20220819,MA301,,,2456,2426,2442,1215579,2440,2464,2429,348506,852794182,1111362,0,0,2596,2256,0,0,08/19/2022 22:14:42,0,2455,370,2456,104,0,0,0,0,0,0,0,0,0,0,0,0,0,0,0,0,2447,20220819
20220819,MA301,,,2455,2426,2442,1215579,2440,2464,2429,348510,852803970,1111360,0,0,2596,2256,0,0,08/19/2022 22:14:42,0,2455,364,2456,103,0,0,0,0,0,0,0,0,0,0,0,0,0,0,0,0,2447,20220819
20220819,MA301,,,2455,2426,2442,1215579,2440,2464,2429,348520,852828440,1111351,0,0,2596,2256,0,0,08/19/2022 22:14:43,0,2455,367,2456,101,0,0,0,0,0,0,0,0,0,0,0,0,0,0,0,0,2447,20220819
20220819,MA301,,,2456,2426,2442,1215579,2440,2464,2429,348523,852835781,1111350,0,0,2596,2256,0,0,08/19/2022 22:14:43,0,2455,367,2456,100,0,0,0,0,0,0,0,0,0,0,0,0,0,0,0,0,2447,20220819
20220819,MA301,,,2455,2426,2442,1215579,2440,2464,2429,348524,852838228,1111350,0,0,2596,2256,0,0,08/19/2022 22:14:43,0,2455,380,2456,75,0,0,0,0,0,0,0,0,0,0,0,0,0,0,0,0,2447,20220819
20220819,MA301,,,2456,2426,2442,1215579,2440,2464,2429,348525,852840675,1111350,0,0,2596,2256,0,0,08/19/2022 22:14:44,0,2455,378,2456,73,0,0,0,0,0,0,0,0,0,0,0,0,0,0,0,0,2447,20220819
20220819,MA301,,,2455,2426,2442,1215579,2440,2464,2429,348533,852860251,1111344,0,0,2596,2256,0,0,08/19/2022 22:14:45,0,2455,374,2456,71,0,0,0,0,0,0,0,0,0,0,0,0,0,0,0,0,2447,20220819
20220819,MA301,,,2456,2426,2442,1215579,2440,2464,2429,348539,852874933,1111339,0,0,2596,2256,0,0,08/19/2022 22:14:45,0,2455,374,2456,66,0,0,0,0,0,0,0,0,0,0,0,0,0,0,0,0,2447,20220819
20220819,MA301,,,2456,2426,2442,1215579,2440,2464,2429,348611,853051117,1111370,0,0,2596,2256,0,0,08/19/2022 22:14:45,0,2456,171,2457,249,0,0,0,0,0,0,0,0,0,0,0,0,0,0,0,0,2447,20220819
20220819,MA301,,,2456,2426,2442,1215579,2440,2464,2429,348611,853051117,1111370,0,0,2596,2256,0,0,08/19/2022 22:14:46,0,2456,175,2457,243,0,0,0,0,0,0,0,0,0,0,0,0,0,0,0,0,2447,20220819
20220819,MA301,,,2456,2426,2442,1215579,2440,2464,2429,348618,853068246,1111376,0,0,2596,2256,0,0,08/19/2022 22:14:47,0,2456,170,2457,243,0,0,0,0,0,0,0,0,0,0,0,0,0,0,0,0,2447,20220819
20220819,MA301,,,2456,2426,2442,1215579,2440,2464,2429,348620,853073140,1111376,0,0,2596,2256,0,0,08/19/2022 22:14:47,0,2456,199,2457,244,0,0,0,0,0,0,0,0,0,0,0,0,0,0,0,0,2447,20220819
20220819,MA301,,,2456,2426,2442,1215579,2440,2464,2429,348636,853112292,1111378,0,0,2596,2256,0,0,08/19/2022 22:14:48,0,2456,203,2457,193,0,0,0,0,0,0,0,0,0,0,0,0,0,0,0,0,2447,20220819
20220819,MA301,,,2456,2426,2442,1215579,2440,2464,2429,348636,853112292,1111378,0,0,2596,2256,0,0,08/19/2022 22:14:48,0,2456,205,2457,178,0,0,0,0,0,0,0,0,0,0,0,0,0,0,0,0,2447,20220819
20220819,MA301,,,2456,2426,2442,1215579,2440,2464,2429,348637,853114739,1111379,0,0,2596,2256,0,0,08/19/2022 22:14:49,0,2456,204,2457,178,0,0,0,0,0,0,0,0,0,0,0,0,0,0,0,0,2447,20220819
20220819,MA301,,,2457,2426,2442,1215579,2440,2464,2429,348644,853131868,1111375,0,0,2596,2256,0,0,08/19/2022 22:14:49,0,2456,202,2457,174,0,0,0,0,0,0,0,0,0,0,0,0,0,0,0,0,2447,20220819
20220819,MA301,,,2457,2426,2442,1215579,2440,2464,2429,348648,853141656,1111374,0,0,2596,2256,0,0,08/19/2022 22:14:50,0,2456,202,2457,170,0,0,0,0,0,0,0,0,0,0,0,0,0,0,0,0,2447,20220819
20220819,MA301,,,2457,2426,2442,1215579,2440,2464,2429,348648,853141656,1111374,0,0,2596,2256,0,0,08/19/2022 22:14:50,0,2456,214,2457,173,0,0,0,0,0,0,0,0,0,0,0,0,0,0,0,0,2447,20220819
20220819,MA301,,,2457,2426,2442,1215579,2440,2464,2429,348648,853141656,1111374,0,0,2596,2256,0,0,08/19/2022 22:14:51,0,2456,215,2457,176,0,0,0,0,0,0,0,0,0,0,0,0,0,0,0,0,2447,20220819
20220819,MA301,,,2456,2426,2442,1215579,2440,2464,2429,348653,853153891,1111374,0,0,2596,2256,0,0,08/19/2022 22:14:51,0,2456,216,2457,178,0,0,0,0,0,0,0,0,0,0,0,0,0,0,0,0,2447,20220819
20220819,MA301,,,2456,2426,2442,1215579,2440,2464,2429,348654,853156338,1111375,0,0,2596,2256,0,0,08/19/2022 22:14:52,0,2456,215,2457,179,0,0,0,0,0,0,0,0,0,0,0,0,0,0,0,0,2447,20220819
20220819,MA301,,,2456,2426,2442,1215579,2440,2464,2429,348654,853156338,1111375,0,0,2596,2256,0,0,08/19/2022 22:14:52,0,2456,215,2457,178,0,0,0,0,0,0,0,0,0,0,0,0,0,0,0,0,2447,20220819
20220819,MA301,,,2457,2426,2442,1215579,2440,2464,2429,348655,853158785,1111375,0,0,2596,2256,0,0,08/19/2022 22:14:53,0,2456,215,2457,193,0,0,0,0,0,0,0,0,0,0,0,0,0,0,0,0,2447,20220819
20220819,MA301,,,2457,2426,2442,1215579,2440,2464,2429,348656,853161232,1111375,0,0,2596,2256,0,0,08/19/2022 22:14:53,0,2456,218,2457,205,0,0,0,0,0,0,0,0,0,0,0,0,0,0,0,0,2447,20220819
20220819,MA301,,,2456,2426,2442,1215579,2440,2464,2429,348669,853193043,1111365,0,0,2596,2256,0,0,08/19/2022 22:14:54,0,2456,216,2457,188,0,0,0,0,0,0,0,0,0,0,0,0,0,0,0,0,2447,20220819
20220819,MA301,,,2457,2426,2442,1215579,2440,2464,2429,348673,853202831,1111364,0,0,2596,2256,0,0,08/19/2022 22:14:54,0,2456,216,2457,183,0,0,0,0,0,0,0,0,0,0,0,0,0,0,0,0,2447,20220819
20220819,MA301,,,2457,2426,2442,1215579,2440,2464,2429,348674,853205278,1111364,0,0,2596,2256,0,0,08/19/2022 22:14:55,0,2456,216,2457,186,0,0,0,0,0,0,0,0,0,0,0,0,0,0,0,0,2447,20220819
20220819,MA301,,,2457,2426,2442,1215579,2440,2464,2429,348674,853205278,1111364,0,0,2596,2256,0,0,08/19/2022 22:14:55,0,2456,221,2457,187,0,0,0,0,0,0,0,0,0,0,0,0,0,0,0,0,2447,20220819
20220819,MA301,,,2457,2426,2442,1215579,2440,2464,2429,348689,853241983,1111363,0,0,2596,2256,0,0,08/19/2022 22:14:55,0,2456,221,2457,172,0,0,0,0,0,0,0,0,0,0,0,0,0,0,0,0,2447,20220819
20220819,MA301,,,2457,2426,2442,1215579,2440,2464,2429,348737,853359439,1111347,0,0,2596,2256,0,0,08/19/2022 22:14:56,0,2456,221,2457,126,0,0,0,0,0,0,0,0,0,0,0,0,0,0,0,0,2447,20220819
20220819,MA301,,,2457,2426,2442,1215579,2440,2464,2429,348738,853361886,1111348,0,0,2596,2256,0,0,08/19/2022 22:14:57,0,2456,220,2457,126,0,0,0,0,0,0,0,0,0,0,0,0,0,0,0,0,2447,20220819
20220819,MA301,,,2457,2426,2442,1215579,2440,2464,2429,348739,853364333,1111349,0,0,2596,2256,0,0,08/19/2022 22:14:57,0,2456,220,2457,125,0,0,0,0,0,0,0,0,0,0,0,0,0,0,0,0,2447,20220819
20220819,MA301,,,2456,2426,2442,1215579,2440,2464,2429,348740,853366780,1111349,0,0,2596,2256,0,0,08/19/2022 22:14:58,0,2456,219,2457,125,0,0,0,0,0,0,0,0,0,0,0,0,0,0,0,0,2447,20220819
20220819,MA301,,,2457,2426,2442,1215579,2440,2464,2429,348743,853374121,1111349,0,0,2596,2256,0,0,08/19/2022 22:14:58,0,2456,217,2457,162,0,0,0,0,0,0,0,0,0,0,0,0,0,0,0,0,2447,20220819
20220819,MA301,,,2457,2426,2442,1215579,2440,2464,2429,348743,853374121,1111349,0,0,2596,2256,0,0,08/19/2022 22:14:59,0,2456,219,2457,141,0,0,0,0,0,0,0,0,0,0,0,0,0,0,0,0,2447,20220819
20220819,MA301,,,2457,2426,2442,1215579,2440,2464,2429,348752,853396144,1111355,0,0,2596,2256,0,0,08/19/2022 22:14:59,0,2456,287,2457,134,0,0,0,0,0,0,0,0,0,0,0,0,0,0,0,0,2447,20220819
20220819,MA301,,,2457,2426,2442,1215579,2440,2464,2429,348752,853396144,1111355,0,0,2596,2256,0,0,08/19/2022 22:14:59,0,2456,291,2457,136,0,0,0,0,0,0,0,0,0,0,0,0,0,0,0,0,2447,20220819
20220819,MA301,,,2456,2426,2442,1215579,2440,2464,2429,348756,853405932,1111355,0,0,2596,2256,0,0,08/19/2022 22:15:00,0,2456,292,2457,152,0,0,0,0,0,0,0,0,0,0,0,0,0,0,0,0,2447,20220819
20220819,MA301,,,2457,2426,2442,1215579,2440,2464,2429,348782,853469554,1111355,0,0,2596,2256,0,0,08/19/2022 22:15:01,0,2456,294,2457,134,0,0,0,0,0,0,0,0,0,0,0,0,0,0,0,0,2447,20220819
20220819,MA301,,,2457,2426,2442,1215579,2440,2464,2429,348784,853474448,1111354,0,0,2596,2256,0,0,08/19/2022 22:15:01,0,2456,296,2457,130,0,0,0,0,0,0,0,0,0,0,0,0,0,0,0,0,2447,20220819
20220819,MA301,,,2457,2426,2442,1215579,2440,2464,2429,348784,853474448,1111354,0,0,2596,2256,0,0,08/19/2022 22:15:02,0,2456,296,2457,122,0,0,0,0,0,0,0,0,0,0,0,0,0,0,0,0,2447,20220819
20220819,MA301,,,2457,2426,2442,1215579,2440,2464,2429,348786,853479342,1111353,0,0,2596,2256,0,0,08/19/2022 22:15:02,0,2456,296,2457,129,0,0,0,0,0,0,0,0,0,0,0,0,0,0,0,0,2447,20220819
20220819,MA301,,,2457,2426,2442,1215579,2440,2464,2429,348806,853528282,1111357,0,0,2596,2256,0,0,08/19/2022 22:15:03,0,2456,297,2457,110,0,0,0,0,0,0,0,0,0,0,0,0,0,0,0,0,2447,20220819
20220819,MA301,,,2457,2426,2442,1215579,2440,2464,2429,348824,853572328,1111354,0,0,2596,2256,0,0,08/19/2022 22:15:03,0,2456,297,2457,105,0,0,0,0,0,0,0,0,0,0,0,0,0,0,0,0,2447,20220819
20220819,MA301,,,2457,2426,2442,1215579,2440,2464,2429,348858,853655526,1111370,0,0,2596,2256,0,0,08/19/2022 22:15:04,0,2456,298,2457,154,0,0,0,0,0,0,0,0,0,0,0,0,0,0,0,0,2447,20220819
20220819,MA301,,,2457,2426,2442,1215579,2440,2464,2429,348864,853670208,1111373,0,0,2596,2256,0,0,08/19/2022 22:15:04,0,2456,298,2457,161,0,0,0,0,0,0,0,0,0,0,0,0,0,0,0,0,2447,20220819
20220819,MA301,,,2457,2426,2442,1215579,2440,2464,2429,348876,853699572,1111377,0,0,2596,2256,0,0,08/19/2022 22:15:05,0,2456,298,2457,140,0,0,0,0,0,0,0,0,0,0,0,0,0,0,0,0,2447,20220819
20220819,MA301,,,2457,2426,2442,1215579,2440,2464,2429,348878,853704466,1111379,0,0,2596,2256,0,0,08/19/2022 22:15:05,0,2456,297,2457,141,0,0,0,0,0,0,0,0,0,0,0,0,0,0,0,0,2447,20220819
20220819,MA301,,,2457,2426,2442,1215579,2440,2464,2429,348878,853704466,1111379,0,0,2596,2256,0,0,08/19/2022 22:15:05,0,2456,298,2457,143,0,0,0,0,0,0,0,0,0,0,0,0,0,0,0,0,2447,20220819
20220819,MA301,,,2457,2426,2442,1215579,2440,2464,2429,348880,853709360,1111380,0,0,2596,2256,0,0,08/19/2022 22:15:06,0,2456,298,2457,144,0,0,0,0,0,0,0,0,0,0,0,0,0,0,0,0,2447,20220819
20220819,MA301,,,2457,2426,2442,1215579,2440,2464,2429,348909,853780323,1111371,0,0,2596,2256,0,0,08/19/2022 22:15:07,0,2456,312,2457,119,0,0,0,0,0,0,0,0,0,0,0,0,0,0,0,0,2447,20220819
20220819,MA301,,,2456,2426,2442,1215579,2440,2464,2429,348918,853802346,1111369,0,0,2596,2256,0,0,08/19/2022 22:15:07,0,2456,312,2457,114,0,0,0,0,0,0,0,0,0,0,0,0,0,0,0,0,2447,20220819
20220819,MA301,,,2457,2426,2442,1215579,2440,2464,2429,348924,853817028,1111373,0,0,2596,2256,0,0,08/19/2022 22:15:08,0,2456,359,2457,184,0,0,0,0,0,0,0,0,0,0,0,0,0,0,0,0,2447,20220819
20220819,MA301,,,2457,2426,2442,1215579,2440,2464,2429,348926,853821922,1111373,0,0,2596,2256,0,0,08/19/2022 22:15:08,0,2456,370,2457,205,0,0,0,0,0,0,0,0,0,0,0,0,0,0,0,0,2447,20220819
20220819,MA301,,,2457,2426,2442,1215579,2440,2464,2429,348929,853829263,1111373,0,0,2596,2256,0,0,08/19/2022 22:15:09,0,2456,372,2457,205,0,0,0,0,0,0,0,0,0,0,0,0,0,0,0,0,2447,20220819
20220819,MA301,,,2456,2426,2442,1215579,2440,2464,2429,348930,853831710,1111372,0,0,2596,2256,0,0,08/19/2022 22:15:09,0,2456,372,2457,205,0,0,0,0,0,0,0,0,0,0,0,0,0,0,0,0,2447,20220819
20220819,MA301,,,2457,2426,2442,1215579,2440,2464,2429,348933,853839051,1111373,0,0,2596,2256,0,0,08/19/2022 22:15:10,0,2456,372,2457,236,0,0,0,0,0,0,0,0,0,0,0,0,0,0,0,0,2447,20220819
20220819,MA301,,,2457,2426,2442,1215579,2440,2464,2429,348936,853846392,1111375,0,0,2596,2256,0,0,08/19/2022 22:15:10,0,2456,379,2457,220,0,0,0,0,0,0,0,0,0,0,0,0,0,0,0,0,2447,20220819
20220819,MA301,,,2456,2426,2442,1215579,2440,2464,2429,348942,853861074,1111375,0,0,2596,2256,0,0,08/19/2022 22:15:11,0,2456,378,2457,217,0,0,0,0,0,0,0,0,0,0,0,0,0,0,0,0,2447,20220819
20220819,MA301,,,2456,2426,2442,1215579,2440,2464,2429,348942,853861074,1111375,0,0,2596,2256,0,0,08/19/2022 22:15:11,0,2456,379,2457,213,0,0,0,0,0,0,0,0,0,0,0,0,0,0,0,0,2447,20220819
20220819,MA301,,,2456,2426,2442,1215579,2440,2464,2429,348946,853870862,1111372,0,0,2596,2256,0,0,08/19/2022 22:15:12,0,2456,379,2457,215,0,0,0,0,0,0,0,0,0,0,0,0,0,0,0,0,2447,20220819
20220819,MA301,,,2457,2426,2442,1215579,2440,2464,2429,348951,853883097,1111371,0,0,2596,2256,0,0,08/19/2022 22:15:12,0,2456,379,2457,212,0,0,0,0,0,0,0,0,0,0,0,0,0,0,0,0,2447,20220819
20220819,MA301,,,2457,2426,2442,1215579,2440,2464,2429,348956,853895332,1111372,0,0,2596,2256,0,0,08/19/2022 22:15:13,0,2456,379,2457,206,0,0,0,0,0,0,0,0,0,0,0,0,0,0,0,0,2447,20220819
20220819,MA301,,,2457,2426,2442,1215579,2440,2464,2429,348957,853897779,1111372,0,0,2596,2256,0,0,08/19/2022 22:15:13,0,2456,379,2457,181,0,0,0,0,0,0,0,0,0,0,0,0,0,0,0,0,2447,20220819
20220819,MA301,,,2457,2426,2442,1215579,2440,2464,2429,348958,853900226,1111373,0,0,2596,2256,0,0,08/19/2022 22:15:14,0,2456,339,2457,180,0,0,0,0,0,0,0,0,0,0,0,0,0,0,0,0,2447,20220819
20220819,MA301,,,2457,2426,2442,1215579,2440,2464,2429,349009,854025023,1111373,0,0,2596,2256,0,0,08/19/2022 22:15:14,0,2456,341,2457,129,0,0,0,0,0,0,0,0,0,0,0,0,0,0,0,0,2447,20220819
20220819,MA301,,,2457,2426,2442,1215579,2440,2464,2429,349070,854174290,1111342,0,0,2596,2256,0,0,08/19/2022 22:15:15,0,2456,344,2457,74,0,0,0,0,0,0,0,0,0,0,0,0,0,0,0,0,2447,20220819
20220819,MA301,,,2456,2426,2442,1215579,2440,2464,2429,349087,854215889,1111339,0,0,2596,2256,0,0,08/19/2022 22:15:15,0,2456,345,2457,130,0,0,0,0,0,0,0,0,0,0,0,0,0,0,0,0,2447,20220819
20220819,MA301,,,2457,2426,2442,1215579,2440,2464,2429,349101,854250147,1111338,0,0,2596,2256,0,0,08/19/2022 22:15:15,0,2456,345,2457,145,0,0,0,0,0,0,0,0,0,0,0,0,0,0,0,0,2447,20220819
20220819,MA301,,,2456,2426,2442,1215579,2440,2464,2429,349125,854308875,1111324,0,0,2596,2256,0,0,08/19/2022 22:15:16,0,2456,332,2457,132,0,0,0,0,0,0,0,0,0,0,0,0,0,0,0,0,2447,20220819
20220819,MA301,,,2457,2426,2442,1215579,2440,2464,2429,349170,854418990,1111358,0,0,2596,2256,0,0,08/19/2022 22:15:17,0,2456,334,2457,66,0,0,0,0,0,0,0,0,0,0,0,0,0,0,0,0,2447,20220819
20220819,MA301,,,2457,2426,2442,1215579,2440,2464,2429,349234,854575598,1111321,0,0,2596,2256,0,0,08/19/2022 22:15:17,0,2457,163,2458,539,0,0,0,0,0,0,0,0,0,0,0,0,0,0,0,0,2447,20220819
20220819,MA301,,,2457,2426,2442,1215579,2440,2464,2429,349244,854600068,1111317,0,0,2596,2256,0,0,08/19/2022 22:15:18,0,2457,166,2458,539,0,0,0,0,0,0,0,0,0,0,0,0,0,0,0,0,2447,20220819
20220819,MA301,,,2457,2426,2442,1215579,2440,2464,2429,349251,854617197,1111318,0,0,2596,2256,0,0,08/19/2022 22:15:18,0,2457,181,2458,537,0,0,0,0,0,0,0,0,0,0,0,0,0,0,0,0,2447,20220819
20220819,MA301,,,2458,2426,2442,1215579,2440,2464,2429,349256,854629432,1111322,0,0,2596,2256,0,0,08/19/2022 22:15:19,0,2457,189,2458,533,0,0,0,0,0,0,0,0,0,0,0,0,0,0,0,0,2447,20220819
20220819,MA301,,,2457,2426,2442,1215579,2440,2464,2429,349263,854646561,1111325,0,0,2596,2256,0,0,08/19/2022 22:15:19,0,2457,240,2458,531,0,0,0,0,0,0,0,0,0,0,0,0,0,0,0,0,2447,20220819
20220819,MA301,,,2457,2426,2442,1215579,2440,2464,2429,349267,854656349,1111324,0,0,2596,2256,0,0,08/19/2022 22:15:20,0,2457,236,2458,531,0,0,0,0,0,0,0,0,0,0,0,0,0,0,0,0,2447,20220819
20220819,MA301,,,2457,2426,2442,1215579,2440,2464,2429,349340,854834980,1111318,0,0,2596,2256,0,0,08/19/2022 22:15:20,0,2457,201,2458,482,0,0,0,0,0,0,0,0,0,0,0,0,0,0,0,0,2447,20220819
20220819,MA301,,,2457,2426,2442,1215579,2440,2464,2429,349342,854839874,1111318,0,0,2596,2256,0,0,08/19/2022 22:15:20,0,2457,199,2458,482,0,0,0,0,0,0,0,0,0,0,0,0,0,0,0,0,2447,20220819
20220819,MA301,,,2457,2426,2442,1215579,2440,2464,2429,349360,854883920,1111330,0,0,2596,2256,0,0,08/19/2022 22:15:21,0,2457,195,2458,479,0,0,0,0,0,0,0,0,0,0,0,0,0,0,0,0,2447,20220819
20220819,MA301,,,2458,2426,2442,1215579,2440,2464,2429,349361,854886367,1111330,0,0,2596,2256,0,0,08/19/2022 22:15:22,0,2457,229,2458,481,0,0,0,0,0,0,0,0,0,0,0,0,0,0,0,0,2447,20220819
20220819,MA301,,,2458,2426,2442,1215579,2440,2464,2429,349372,854913284,1111334,0,0,2596,2256,0,0,08/19/2022 22:15:22,0,2457,288,2458,476,0,0,0,0,0,0,0,0,0,0,0,0,0,0,0,0,2447,20220819
20220819,MA301,,,2457,2426,2442,1215579,2440,2464,2429,349374,854918178,1111334,0,0,2596,2256,0,0,08/19/2022 22:15:22,0,2457,301,2458,475,0,0,0,0,0,0,0,0,0,0,0,0,0,0,0,0,2447,20220819
20220819,MA301,,,2458,2426,2442,1215579,2440,2464,2429,349462,855133514,1111281,0,0,2596,2256,0,0,08/19/2022 22:15:23,0,2457,296,2458,415,0,0,0,0,0,0,0,0,0,0,0,0,0,0,0,0,2447,20220819
20220819,MA301,,,2458,2426,2442,1215579,2440,2464,2429,349471,855155537,1111279,0,0,2596,2256,0,0,08/19/2022 22:15:24,0,2457,299,2458,409,0,0,0,0,0,0,0,0,0,0,0,0,0,0,0,0,2447,20220819
20220819,MA301,,,2458,2426,2442,1215579,2440,2464,2429,349496,855216712,1111283,0,0,2596,2256,0,0,08/19/2022 22:15:24,0,2457,329,2458,405,0,0,0,0,0,0,0,0,0,0,0,0,0,0,0,0,2447,20220819
20220819,MA301,,,2457,2426,2442,1215579,2440,2464,2429,349520,855275440,1111273,0,0,2596,2256,0,0,08/19/2022 22:15:25,0,2457,318,2458,395,0,0,0,0,0,0,0,0,0,0,0,0,0,0,0,0,2447,20220819
20220819,MA301,,,2458,2426,2442,1215579,2440,2464,2429,349528,855295016,1111273,0,0,2596,2256,0,0,08/19/2022 22:15:25,0,2457,316,2458,415,0,0,0,0,0,0,0,0,0,0,0,0,0,0,0,0,2447,20220819
20220819,MA301,,,2458,2426,2442,1215579,2440,2464,2429,349533,855307251,1111271,0,0,2596,2256,0,0,08/19/2022 22:15:26,0,2457,317,2458,411,0,0,0,0,0,0,0,0,0,0,0,0,0,0,0,0,2447,20220819
20220819,MA301,,,2458,2426,2442,1215579,2440,2464,2429,349604,855480988,1111241,0,0,2596,2256,0,0,08/19/2022 22:15:26,0,2457,318,2458,347,0,0,0,0,0,0,0,0,0,0,0,0,0,0,0,0,2447,20220819
20220819,MA301,,,2458,2426,2442,1215579,2440,2464,2429,349626,855534822,1111240,0,0,2596,2256,0,0,08/19/2022 22:15:27,0,2457,305,2458,405,0,0,0,0,0,0,0,0,0,0,0,0,0,0,0,0,2447,20220819
20220819,MA301,,,2457,2426,2442,1215579,2440,2464,2429,349633,855551951,1111240,0,0,2596,2256,0,0,08/19/2022 22:15:27,0,2457,304,2458,400,0,0,0,0,0,0,0,0,0,0,0,0,0,0,0,0,2447,20220819
20220819,MA301,,,2458,2426,2442,1215579,2440,2464,2429,349644,855578868,1111233,0,0,2596,2256,0,0,08/19/2022 22:15:28,0,2457,306,2458,391,0,0,0,0,0,0,0,0,0,0,0,0,0,0,0,0,2447,20220819
20220819,MA301,,,2458,2426,2442,1215579,2440,2464,2429,349656,855608232,1111232,0,0,2596,2256,0,0,08/19/2022 22:15:28,0,2457,306,2458,380,0,0,0,0,0,0,0,0,0,0,0,0,0,0,0,0,2447,20220819
20220819,MA301,,,2458,2426,2442,1215579,2440,2464,2429,349667,855635149,1111231,0,0,2596,2256,0,0,08/19/2022 22:15:29,0,2457,314,2458,374,0,0,0,0,0,0,0,0,0,0,0,0,0,0,0,0,2447,20220819
20220819,MA301,,,2458,2426,2442,1215579,2440,2464,2429,349744,855823568,1111193,0,0,2596,2256,0,0,08/19/2022 22:15:29,0,2457,317,2458,303,0,0,0,0,0,0,0,0,0,0,0,0,0,0,0,0,2447,20220819
20220819,MA301,,,2458,2426,2442,1215579,2440,2464,2429,349749,855835803,1111192,0,0,2596,2256,0,0,08/19/2022 22:15:30,0,2457,335,2458,301,0,0,0,0,0,0,0,0,0,0,0,0,0,0,0,0,2447,20220819
20220819,MA301,,,2457,2426,2442,1215579,2440,2464,2429,349763,855870061,1111196,0,0,2596,2256,0,0,08/19/2022 22:15:30,0,2457,336,2458,289,0,0,0,0,0,0,0,0,0,0,0,0,0,0,0,0,2447,20220819
20220819,MA301,,,2458,2426,2442,1215579,2440,2464,2429,349818,856004646,1111221,0,0,2596,2256,0,0,08/19/2022 22:15:31,0,2457,343,2458,237,0,0,0,0,0,0,0,0,0,0,0,0,0,0,0,0,2447,20220819
20220819,MA301,,,2458,2426,2442,1215579,2440,2464,2429,349856,856097632,1111196,0,0,2596,2256,0,0,08/19/2022 22:15:31,0,2457,347,2458,188,0,0,0,0,0,0,0,0,0,0,0,0,0,0,0,0,2447,20220819
20220819,MA301,,,2458,2426,2442,1215579,2440,2464,2429,349888,856175936,1111190,0,0,2596,2256,0,0,08/19/2022 22:15:32,0,2457,316,2458,159,0,0,0,0,0,0,0,0,0,0,0,0,0,0,0,0,2447,20220819
20220819,MA301,,,2458,2426,2442,1215579,2440,2464,2429,350113,856726511,1111154,0,0,2596,2256,0,0,08/19/2022 22:15:32,0,2458,31,2459,455,0,0,0,0,0,0,0,0,0,0,0,0,0,0,0,0,2447,20220819
20220819,MA301,,,2459,2426,2442,1215579,2440,2464,2429,350394,857414118,1110973,0,0,2596,2256,0,0,08/19/2022 22:15:33,0,2458,164,2459,276,0,0,0,0,0,0,0,0,0,0,0,0,0,0,0,0,2447,20220819
20220819,MA301,,,2458,2426,2442,1215579,2440,2464,2429,350601,857920647,1110989,0,0,2596,2256,0,0,08/19/2022 22:15:33,0,2458,264,2459,169,0,0,0,0,0,0,0,0,0,0,0,0,0,0,0,0,2447,20220819
20220819,MA301,,,2459,2426,2442,1215579,2440,2464,2429,350635,858003845,1110986,0,0,2596,2256,0,0,08/19/2022 22:15:34,0,2458,266,2459,253,0,0,0,0,0,0,0,0,0,0,0,0,0,0,0,0,2447,20220819
20220819,MA301,,,2458,2426,2442,1215579,2440,2464,2429,350656,858055232,1110976,0,0,2596,2256,0,0,08/19/2022 22:15:34,0,2458,266,2459,238,0,0,0,0,0,0,0,0,0,0,0,0,0,0,0,0,2447,20220819
20220819,MA301,,,2459,2426,2442,1215579,2440,2464,2429,350714,858197158,1110971,0,0,2596,2256,0,0,08/19/2022 22:15:35,0,2458,267,2459,185,0,0,0,0,0,0,0,0,0,0,0,0,0,0,0,0,2447,20220819
20220819,MA301,,,2459,2426,2442,1215579,2440,2464,2429,350818,858451646,1110889,0,0,2596,2256,0,0,08/19/2022 22:15:35,0,2458,295,2459,34,0,0,0,0,0,0,0,0,0,0,0,0,0,0,0,0,2447,20220819
20220819,MA301,,,2458,2426,2442,1215579,2440,2464,2429,350836,858495692,1110879,0,0,2596,2256,0,0,08/19/2022 22:15:36,0,2458,297,2459,18,0,0,0,0,0,0,0,0,0,0,0,0,0,0,0,0,2447,20220819
20220819,MA301,,,2459,2426,2442,1215579,2440,2464,2429,350858,858549526,1110860,0,0,2596,2256,0,0,08/19/2022 22:15:36,0,2459,15,2460,885,0,0,0,0,0,0,0,0,0,0,0,0,0,0,0,0,2447,20220819
20220819,MA301,,,2459,2426,2442,1215579,2440,2464,2429,350942,858755074,1110839,0,0,2596,2256,0,0,08/19/2022 22:15:37,0,2458,298,2459,43,0,0,0,0,0,0,0,0,0,0,0,0,0,0,0,0,2447,20220819
20220819,MA301,,,2459,2426,2442,1215579,2440,2464,2429,351009,858919023,1110792,0,0,2596,2256,0,0,08/19/2022 22:15:37,0,2458,298,2459,185,0,0,0,0,0,0,0,0,0,0,0,0,0,0,0,0,2447,20220819
20220819,MA301,,,2459,2426,2442,1215579,2440,2464,2429,351083,859100101,1110773,0,0,2596,2256,0,0,08/19/2022 22:15:38,0,2458,299,2459,156,0,0,0,0,0,0,0,0,0,0,0,0,0,0,0,0,2447,20220819
20220819,MA301,,,2459,2426,2442,1215579,2440,2464,2429,351121,859193087,1110743,0,0,2596,2256,0,0,08/19/2022 22:15:38,0,2458,296,2459,151,0,0,0,0,0,0,0,0,0,0,0,0,0,0,0,0,2447,20220819
20220819,MA301,,,2459,2426,2442,1215579,2440,2464,2429,351248,859503856,1110741,0,0,2596,2256,0,0,08/19/2022 22:15:39,0,2459,8,2460,889,0,0,0,0,0,0,0,0,0,0,0,0,0,0,0,0,2447,20220819
20220819,MA301,,,2460,2426,2442,1215579,2440,2464,2429,351292,859611524,1110706,0,0,2596,2256,0,0,08/19/2022 22:15:39,0,2459,129,2460,879,0,0,0,0,0,0,0,0,0,0,0,0,0,0,0,0,2447,20220819
20220819,MA301,,,2461,2426,2442,1215579,2440,2464,2429,352648,862929656,1110076,0,0,2596,2256,0,0,08/19/2022 22:15:40,0,2460,6,2461,229,0,0,0,0,0,0,0,0,0,0,0,0,0,0,0,0,2447,20220819
20220819,MA301,,,2460,2426,2442,1215579,2440,2464,2429,352716,863096052,1110036,0,0,2596,2256,0,0,08/19/2022 22:15:40,0,2459,165,2460,177,0,0,0,0,0,0,0,0,0,0,0,0,0,0,0,0,2447,20220819
20220819,MA301,,,2460,2426,2442,1215579,2440,2464,2429,352838,863394586,1109931,0,0,2596,2256,0,0,08/19/2022 22:15:41,0,2459,170,2460,86,0,0,0,0,0,0,0,0,0,0,0,0,0,0,0,0,2447,20220819
20220819,MA301,,,2460,2426,2442,1215579,2440,2464,2429,352893,863529171,1109889,0,0,2596,2256,0,0,08/19/2022 22:15:41,0,2459,192,2460,63,0,0,0,0,0,0,0,0,0,0,0,0,0,0,0,0,2447,20220819
20220819,MA301,,,2460,2426,2442,1215579,2440,2464,2429,352910,863570770,1109887,0,0,2596,2256,0,0,08/19/2022 22:15:42,0,2459,195,2460,66,0,0,0,0,0,0,0,0,0,0,0,0,0,0,0,0,2447,20220819
20220819,MA301,,,2460,2426,2442,1215579,2440,2464,2429,352992,863771424,1109871,0,0,2596,2256,0,0,08/19/2022 22:15:42,0,2460,62,2461,289,0,0,0,0,0,0,0,0,0,0,0,0,0,0,0,0,2447,20220819
20220819,MA301,,,2460,2426,2442,1215579,2440,2464,2429,353030,863864410,1109850,0,0,2596,2256,0,0,08/19/2022 22:15:43,0,2460,80,2461,266,0,0,0,0,0,0,0,0,0,0,0,0,0,0,0,0,2447,20220819
20220819,MA301,,,2461,2426,2442,1215579,2440,2464,2429,353135,864121345,1109794,0,0,2596,2256,0,0,08/19/2022 22:15:43,0,2460,35,2461,254,0,0,0,0,0,0,0,0,0,0,0,0,0,0,0,0,2447,20220819
20220819,MA301,,,2460,2426,2442,1215579,2440,2464,2429,353229,864351363,1109739,0,0,2596,2256,0,0,08/19/2022 22:15:44,0,2459,170,2460,14,0,0,0,0,0,0,0,0,0,0,0,0,0,0,0,0,2447,20220819
20220819,MA301,,,2460,2426,2442,1215579,2440,2464,2429,353257,864419879,1109732,0,0,2596,2256,0,0,08/19/2022 22:15:44,0,2460,59,2461,230,0,0,0,0,0,0,0,0,0,0,0,0,0,0,0,0,2447,20220819
20220819,MA301,,,2461,2426,2442,1215579,2440,2464,2429,353299,864522653,1109738,0,0,2596,2256,0,0,08/19/2022 22:15:45,0,2460,96,2461,187,0,0,0,0,0,0,0,0,0,0,0,0,0,0,0,0,2447,20220819
20220819,MA301,,,2461,2426,2442,1215579,2440,2464,2429,353330,864598510,1109740,0,0,2596,2256,0,0,08/19/2022 22:15:45,0,2460,148,2461,168,0,0,0,0,0,0,0,0,0,0,0,0,0,0,0,0,2447,20220819
20220819,MA301,,,2461,2426,2442,1215579,2440,2464,2429,353359,864669473,1109720,0,0,2596,2256,0,0,08/19/2022 22:15:46,0,2460,159,2461,151,0,0,0,0,0,0,0,0,0,0,0,0,0,0,0,0,2447,20220819
20220819,MA301,,,2461,2426,2442,1215579,2440,2464,2429,353388,864740436,1109718,0,0,2596,2256,0,0,08/19/2022 22:15:46,0,2460,149,2461,148,0,0,0,0,0,0,0,0,0,0,0,0,0,0,0,0,2447,20220819
20220819,MA301,,,2461,2426,2442,1215579,2440,2464,2429,353421,864821187,1109704,0,0,2596,2256,0,0,08/19/2022 22:15:47,0,2460,185,2461,146,0,0,0,0,0,0,0,0,0,0,0,0,0,0,0,0,2447,20220819
20220819,MA301,,,2461,2426,2442,1215579,2440,2464,2429,353508,865034076,1109669,0,0,2596,2256,0,0,08/19/2022 22:15:47,0,2460,201,2461,82,0,0,0,0,0,0,0,0,0,0,0,0,0,0,0,0,2447,20220819
20220819,MA301,,,2461,2426,2442,1215579,2440,2464,2429,353573,865193131,1109653,0,0,2596,2256,0,0,08/19/2022 22:15:48,0,2460,188,2461,78,0,0,0,0,0,0,0,0,0,0,0,0,0,0,0,0,2447,20220819
20220819,MA301,,,2461,2426,2442,1215579,2440,2464,2429,353594,865244518,1109643,0,0,2596,2256,0,0,08/19/2022 22:15:48,0,2460,187,2461,102,0,0,0,0,0,0,0,0,0,0,0,0,0,0,0,0,2447,20220819
20220819,MA301,,,2461,2426,2442,1215579,2440,2464,2429,353609,865281223,1109634,0,0,2596,2256,0,0,08/19/2022 22:15:49,0,2460,189,2461,106,0,0,0,0,0,0,0,0,0,0,0,0,0,0,0,0,2447,20220819
20220819,MA301,,,2461,2426,2442,1215579,2440,2464,2429,353723,865560181,1109693,0,0,2596,2256,0,0,08/19/2022 22:15:49,0,2460,185,2461,131,0,0,0,0,0,0,0,0,0,0,0,0,0,0,0,0,2447,20220819
20220819,MA301,,,2460,2426,2442,1215579,2440,2464,2429,353742,865606674,1109693,0,0,2596,2256,0,0,08/19/2022 22:15:50,0,2460,194,2461,122,0,0,0,0,0,0,0,0,0,0,0,0,0,0,0,0,2447,20220819
20220819,MA301,,,2461,2426,2442,1215579,2440,2464,2429,353845,865858715,1109694,0,0,2596,2256,0,0,08/19/2022 22:15:50,0,2460,213,2461,41,0,0,0,0,0,0,0,0,0,0,0,0,0,0,0,0,2447,20220819
20220819,MA301,,,2460,2426,2442,1215579,2440,2464,2429,353882,865949254,1109687,0,0,2596,2256,0,0,08/19/2022 22:15:51,0,2460,216,2461,19,0,0,0,0,0,0,0,0,0,0,0,0,0,0,0,0,2447,20220819
20220819,MA301,,,2461,2426,2442,1215579,2440,2464,2429,353900,865993300,1109681,0,0,2596,2256,0,0,08/19/2022 22:15:51,0,2460,204,2461,88,0,0,0,0,0,0,0,0,0,0,0,0,0,0,0,0,2447,20220819
20220819,MA301,,,2460,2426,2442,1215579,2440,2464,2429,353948,866110756,1109680,0,0,2596,2256,0,0,08/19/2022 22:15:52,0,2460,187,2461,77,0,0,0,0,0,0,0,0,0,0,0,0,0,0,0,0,2447,20220819
20220819,MA301,,,2461,2426,2442,1215579,2440,2464,2429,354067,866401949,1109714,0,0,2596,2256,0,0,08/19/2022 22:15:52,0,2461,19,2462,485,0,0,0,0,0,0,0,0,0,0,0,0,0,0,0,0,2447,20220819
20220819,MA301,,,2461,2426,2442,1215579,2440,2464,2429,354145,866592815,1109684,0,0,2596,2256,0,0,08/19/2022 22:15:53,0,2460,225,2461,75,0,0,0,0,0,0,0,0,0,0,0,0,0,0,0,0,2447,20220819
20220819,MA301,,,2461,2426,2442,1215579,2440,2464,2429,354201,866729847,1109639,0,0,2596,2256,0,0,08/19/2022 22:15:53,0,2460,189,2461,171,0,0,0,0,0,0,0,0,0,0,0,0,0,0,0,0,2447,20220819
20220819,MA301,,,2461,2426,2442,1215579,2440,2464,2429,354214,866761658,1109637,0,0,2596,2256,0,0,08/19/2022 22:15:54,0,2460,185,2461,162,0,0,0,0,0,0,0,0,0,0,0,0,0,0,0,0,2447,20220819
20220819,MA301,,,2461,2426,2442,1215579,2440,2464,2429,354257,866866879,1109632,0,0,2596,2256,0,0,08/19/2022 22:15:54,0,2460,191,2461,126,0,0,0,0,0,0,0,0,0,0,0,0,0,0,0,0,2447,20220819
20220819,MA301,,,2461,2426,2442,1215579,2440,2464,2429,354341,867072427,1109556,0,0,2596,2256,0,0,08/19/2022 22:15:55,0,2460,196,2461,53,0,0,0,0,0,0,0,0,0,0,0,0,0,0,0,0,2447,20220819
