TradingDay,InstrumentID,ExchangeID,ExchangeInstID,LastPrice,PreSettlementPrice,PreClosePrice,PreOpenInterest,OpenPrice,HighestPrice,LowestPrice,Volume,Turnover,OpenInterest,ClosePrice,SettlementPrice,UpperLimitPrice,LowerLimitPrice,PreDelta,CurrDelta,UpdateTime,UpdateMillisec,BidPrice1,BidVolume1,AskPrice1,AskVolume1,BidPrice2,BidVolume2,AskPrice2,AskVolume2,BidPrice3,BidVolume3,AskPrice3,AskVolume3,BidPrice4,BidVolume4,AskPrice4,AskVolume4,BidPrice5,BidVolume5,AskPrice5,AskVolume5,AveragePrice,ActionDay
20220819,TA301,,,5336,5422,5324,1087325,5306,5370,5306,403472,2155347424,1098961,0,0,5748,5096,0,0,08/19/2022 21:57:59,0,5336,71,5338,572,0,0,0,0,0,0,0,0,0,0,0,0,0,0,0,0,5342,20220819
20220819,TA301,,,5336,5422,5324,1087325,5306,5370,5306,403478,2155379476,1098960,0,0,5748,5096,0,0,08/19/2022 21:58:00,0,5336,54,5338,574,0,0,0,0,0,0,0,0,0,0,0,0,0,0,0,0,5342,20220819
20220819,TA301,,,5336,5422,5324,1087325,5306,5370,5306,403497,2155480974,1098967,0,0,5748,5096,0,0,08/19/2022 21:58:00,0,5336,27,5338,624,0,0,0,0,0,0,0,0,0,0,0,0,0,0,0,0,5342,20220819
20220819,TA301,,,5338,5422,5324,1087325,5306,5370,5306,403637,2156228854,1099010,0,0,5748,5096,0,0,08/19/2022 21:58:01,0,5334,230,5336,12,0,0,0,0,0,0,0,0,0,0,0,0,0,0,0,0,5342,20220819
20220819,TA301,,,5336,5422,5324,1087325,5306,5370,5306,403664,2156373088,1099005,0,0,5748,5096,0,0,08/19/2022 21:58:01,0,5334,192,5336,99,0,0,0,0,0,0,0,0,0,0,0,0,0,0,0,0,5342,20220819
20220819,TA301,,,5336,5422,5324,1087325,5306,5370,5306,403688,2156501296,1099005,0,0,5748,5096,0,0,08/19/2022 21:58:02,0,5334,149,5336,131,0,0,0,0,0,0,0,0,0,0,0,0,0,0,0,0,5342,20220819
20220819,TA301,,,5336,5422,5324,1087325,5306,5370,5306,403690,2156511980,1099006,0,0,5748,5096,0,0,08/19/2022 21:58:02,0,5334,148,5336,212,0,0,0,0,0,0,0,0,0,0,0,0,0,0,0,0,5342,20220819
20220819,TA301,,,5336,5422,5324,1087325,5306,5370,5306,403691,2156517322,1099007,0,0,5748,5096,0,0,08/19/2022 21:58:03,0,5334,168,5336,211,0,0,0,0,0,0,0,0,0,0,0,0,0,0,0,0,5342,20220819
20220819,TA301,,,5336,5422,5324,1087325,5306,5370,5306,403711,2156624162,1098989,0,0,5748,5096,0,0,08/19/2022 21:58:04,0,5334,144,5336,211,0,0,0,0,0,0,0,0,0,0,0,0,0,0,0,0,5342,20220819
20220819,TA301,,,5336,5422,5324,1087325,5306,5370,5306,403714,2156640188,1098988,0,0,5748,5096,0,0,08/19/2022 21:58:04,0,5334,143,5336,223,0,0,0,0,0,0,0,0,0,0,0,0,0,0,0,0,5342,20220819
20220819,TA301,,,5334,5422,5324,1087325,5306,5370,5306,403715,2156645530,1098988,0,0,5748,5096,0,0,08/19/2022 21:58:05,0,5334,142,5336,260,0,0,0,0,0,0,0,0,0,0,0,0,0,0,0,0,5342,20220819
20220819,TA301,,,5336,5422,5324,1087325,5306,5370,5306,403716,2156650872,1098989,0,0,5748,5096,0,0,08/19/2022 21:58:05,0,5334,143,5336,261,0,0,0,0,0,0,0,0,0,0,0,0,0,0,0,0,5342,20220819
20220819,TA301,,,5334,5422,5324,1087325,5306,5370,5306,403742,2156789764,1098988,0,0,5748,5096,0,0,08/19/2022 21:58:06,0,5334,122,5336,259,0,0,0,0,0,0,0,0,0,0,0,0,0,0,0,0,5342,20220819
20220819,TA301,,,5334,5422,5324,1087325,5306,5370,5306,403742,2156789764,1098988,0,0,5748,5096,0,0,08/19/2022 21:58:06,0,5334,128,5336,264,0,0,0,0,0,0,0,0,0,0,0,0,0,0,0,0,5342,20220819
20220819,TA301,,,5334,5422,5324,1087325,5306,5370,5306,403750,2156832500,1098989,0,0,5748,5096,0,0,08/19/2022 21:58:07,0,5334,126,5336,263,0,0,0,0,0,0,0,0,0,0,0,0,0,0,0,0,5342,20220819
20220819,TA301,,,5336,5422,5324,1087325,5306,5370,5306,403753,2156848526,1098988,0,0,5748,5096,0,0,08/19/2022 21:58:07,0,5334,136,5336,269,0,0,0,0,0,0,0,0,0,0,0,0,0,0,0,0,5342,20220819
20220819,TA301,,,5336,5422,5324,1087325,5306,5370,5306,403754,2156853868,1098989,0,0,5748,5096,0,0,08/19/2022 21:58:08,0,5334,138,5336,271,0,0,0,0,0,0,0,0,0,0,0,0,0,0,0,0,5342,20220819
20220819,TA301,,,5334,5422,5324,1087325,5306,5370,5306,403755,2156859210,1098989,0,0,5748,5096,0,0,08/19/2022 21:58:08,0,5334,137,5336,271,0,0,0,0,0,0,0,0,0,0,0,0,0,0,0,0,5342,20220819
20220819,TA301,,,5336,5422,5324,1087325,5306,5370,5306,403756,2156864552,1098990,0,0,5748,5096,0,0,08/19/2022 21:58:09,0,5334,143,5336,282,0,0,0,0,0,0,0,0,0,0,0,0,0,0,0,0,5342,20220819
20220819,TA301,,,5336,5422,5324,1087325,5306,5370,5306,403756,2156864552,1098990,0,0,5748,5096,0,0,08/19/2022 21:58:09,0,5334,138,5336,296,0,0,0,0,0,0,0,0,0,0,0,0,0,0,0,0,5342,20220819
20220819,TA301,,,5336,5422,5324,1087325,5306,5370,5306,403756,2156864552,1098990,0,0,5748,5096,0,0,08/19/2022 21:58:10,0,5334,139,5336,298,0,0,0,0,0,0,0,0,0,0,0,0,0,0,0,0,5342,20220819
20220819,TA301,,,5336,5422,5324,1087325,5306,5370,5306,403756,2156864552,1098990,0,0,5748,5096,0,0,08/19/2022 21:58:10,0,5334,144,5336,301,0,0,0,0,0,0,0,0,0,0,0,0,0,0,0,0,5342,20220819
20220819,TA301,,,5334,5422,5324,1087325,5306,5370,5306,403767,2156923314,1098991,0,0,5748,5096,0,0,08/19/2022 21:58:11,0,5334,154,5336,295,0,0,0,0,0,0,0,0,0,0,0,0,0,0,0,0,5342,20220819
20220819,TA301,,,5334,5422,5324,1087325,5306,5370,5306,403767,2156923314,1098991,0,0,5748,5096,0,0,08/19/2022 21:58:11,0,5334,153,5336,293,0,0,0,0,0,0,0,0,0,0,0,0,0,0,0,0,5342,20220819
20220819,TA301,,,5334,5422,5324,1087325,5306,5370,5306,403767,2156923314,1098991,0,0,5748,5096,0,0,08/19/2022 21:58:12,0,5334,153,5336,305,0,0,0,0,0,0,0,0,0,0,0,0,0,0,0,0,5342,20220819
20220819,TA301,,,5334,5422,5324,1087325,5306,5370,5306,403768,2156928656,1098991,0,0,5748,5096,0,0,08/19/2022 21:58:12,0,5334,143,5336,307,0,0,0,0,0,0,0,0,0,0,0,0,0,0,0,0,5342,20220819
20220819,TA301,,,5334,5422,5324,1087325,5306,5370,5306,403768,2156928656,1098991,0,0,5748,5096,0,0,08/19/2022 21:58:13,0,5334,158,5336,312,0,0,0,0,0,0,0,0,0,0,0,0,0,0,0,0,5342,20220819
20220819,TA301,,,5334,5422,5324,1087325,5306,5370,5306,403865,2157446830,1098965,0,0,5748,5096,0,0,08/19/2022 21:58:13,0,5334,51,5336,314,0,0,0,0,0,0,0,0,0,0,0,0,0,0,0,0,5342,20220819
20220819,TA301,,,5334,5422,5324,1087325,5306,5370,5306,403866,2157452172,1098966,0,0,5748,5096,0,0,08/19/2022 21:58:14,0,5334,60,5336,325,0,0,0,0,0,0,0,0,0,0,0,0,0,0,0,0,5342,20220819
20220819,TA301,,,5336,5422,5324,1087325,5306,5370,5306,403867,2157457514,1098965,0,0,5748,5096,0,0,08/19/2022 21:58:14,0,5334,60,5336,322,0,0,0,0,0,0,0,0,0,0,0,0,0,0,0,0,5342,20220819
20220819,TA301,,,5334,5422,5324,1087325,5306,5370,5306,403868,2157462856,1098965,0,0,5748,5096,0,0,08/19/2022 21:58:15,0,5334,61,5336,323,0,0,0,0,0,0,0,0,0,0,0,0,0,0,0,0,5342,20220819
20220819,TA301,,,5334,5422,5324,1087325,5306,5370,5306,403868,2157462856,1098965,0,0,5748,5096,0,0,08/19/2022 21:58:15,0,5334,62,5336,323,0,0,0,0,0,0,0,0,0,0,0,0,0,0,0,0,5342,20220819
20220819,TA301,,,5334,5422,5324,1087325,5306,5370,5306,403868,2157462856,1098965,0,0,5748,5096,0,0,08/19/2022 21:58:16,0,5334,107,5336,327,0,0,0,0,0,0,0,0,0,0,0,0,0,0,0,0,5342,20220819
20220819,TA301,,,5334,5422,5324,1087325,5306,5370,5306,403868,2157462856,1098965,0,0,5748,5096,0,0,08/19/2022 21:58:16,0,5334,118,5336,328,0,0,0,0,0,0,0,0,0,0,0,0,0,0,0,0,5342,20220819
20220819,TA301,,,5334,5422,5324,1087325,5306,5370,5306,403869,2157468198,1098966,0,0,5748,5096,0,0,08/19/2022 21:58:17,0,5334,118,5336,329,0,0,0,0,0,0,0,0,0,0,0,0,0,0,0,0,5342,20220819
20220819,TA301,,,5334,5422,5324,1087325,5306,5370,5306,403869,2157468198,1098966,0,0,5748,5096,0,0,08/19/2022 21:58:17,0,5334,119,5336,331,0,0,0,0,0,0,0,0,0,0,0,0,0,0,0,0,5342,20220819
20220819,TA301,,,5336,5422,5324,1087325,5306,5370,5306,403871,2157478882,1098966,0,0,5748,5096,0,0,08/19/2022 21:58:18,0,5334,130,5336,328,0,0,0,0,0,0,0,0,0,0,0,0,0,0,0,0,5342,20220819
20220819,TA301,,,5336,5422,5324,1087325,5306,5370,5306,403871,2157478882,1098966,0,0,5748,5096,0,0,08/19/2022 21:58:18,0,5334,131,5336,329,0,0,0,0,0,0,0,0,0,0,0,0,0,0,0,0,5342,20220819
20220819,TA301,,,5334,5422,5324,1087325,5306,5370,5306,403873,2157489566,1098968,0,0,5748,5096,0,0,08/19/2022 21:58:19,0,5334,135,5336,330,0,0,0,0,0,0,0,0,0,0,0,0,0,0,0,0,5342,20220819
20220819,TA301,,,5334,5422,5324,1087325,5306,5370,5306,403874,2157494908,1098969,0,0,5748,5096,0,0,08/19/2022 21:58:19,0,5334,134,5336,330,0,0,0,0,0,0,0,0,0,0,0,0,0,0,0,0,5342,20220819
20220819,TA301,,,5336,5422,5324,1087325,5306,5370,5306,403875,2157500250,1098970,0,0,5748,5096,0,0,08/19/2022 21:58:20,0,5334,144,5336,284,0,0,0,0,0,0,0,0,0,0,0,0,0,0,0,0,5342,20220819
20220819,TA301,,,5336,5422,5324,1087325,5306,5370,5306,404164,2159044088,1099205,0,0,5748,5096,0,0,08/19/2022 21:58:20,0,5336,162,5338,659,0,0,0,0,0,0,0,0,0,0,0,0,0,0,0,0,5342,20220819
20220819,TA301,,,5336,5422,5324,1087325,5306,5370,5306,404164,2159044088,1099205,0,0,5748,5096,0,0,08/19/2022 21:58:21,0,5336,234,5338,594,0,0,0,0,0,0,0,0,0,0,0,0,0,0,0,0,5342,20220819
20220819,TA301,,,5336,5422,5324,1087325,5306,5370,5306,404394,2160272748,1099087,0,0,5748,5096,0,0,08/19/2022 21:58:21,0,5334,275,5336,99,0,0,0,0,0,0,0,0,0,0,0,0,0,0,0,0,5342,20220819
20220819,TA301,,,5336,5422,5324,1087325,5306,5370,5306,404498,2160828316,1098987,0,0,5748,5096,0,0,08/19/2022 21:58:22,0,5334,198,5336,51,0,0,0,0,0,0,0,0,0,0,0,0,0,0,0,0,5342,20220819
20220819,TA301,,,5334,5422,5324,1087325,5306,5370,5306,404508,2160881736,1098985,0,0,5748,5096,0,0,08/19/2022 21:58:22,0,5334,186,5336,62,0,0,0,0,0,0,0,0,0,0,0,0,0,0,0,0,5342,20220819
20220819,TA301,,,5336,5422,5324,1087325,5306,5370,5306,404520,2160945840,1098985,0,0,5748,5096,0,0,08/19/2022 21:58:23,0,5334,177,5336,69,0,0,0,0,0,0,0,0,0,0,0,0,0,0,0,0,5342,20220819
20220819,TA301,,,5336,5422,5324,1087325,5306,5370,5306,404520,2160945840,1098985,0,0,5748,5096,0,0,08/19/2022 21:58:23,0,5334,182,5336,56,0,0,0,0,0,0,0,0,0,0,0,0,0,0,0,0,5342,20220819
20220819,TA301,,,5336,5422,5324,1087325,5306,5370,5306,404523,2160961866,1098987,0,0,5748,5096,0,0,08/19/2022 21:58:24,0,5334,186,5336,14,0,0,0,0,0,0,0,0,0,0,0,0,0,0,0,0,5342,20220819
20220819,TA301,,,5336,5422,5324,1087325,5306,5370,5306,404533,2161015286,1098985,0,0,5748,5096,0,0,08/19/2022 21:58:24,0,5336,1,5338,639,0,0,0,0,0,0,0,0,0,0,0,0,0,0,0,0,5342,20220819
20220819,TA301,,,5336,5422,5324,1087325,5306,5370,5306,404544,2161074048,1098984,0,0,5748,5096,0,0,08/19/2022 21:58:25,0,5336,51,5338,632,0,0,0,0,0,0,0,0,0,0,0,0,0,0,0,0,5342,20220819
20220819,TA301,,,5338,5422,5324,1087325,5306,5370,5306,404545,2161079390,1098983,0,0,5748,5096,0,0,08/19/2022 21:58:25,0,5336,329,5338,605,0,0,0,0,0,0,0,0,0,0,0,0,0,0,0,0,5342,20220819
20220819,TA301,,,5336,5422,5324,1087325,5306,5370,5306,404547,2161090074,1098984,0,0,5748,5096,0,0,08/19/2022 21:58:26,0,5336,338,5338,606,0,0,0,0,0,0,0,0,0,0,0,0,0,0,0,0,5342,20220819
20220819,TA301,,,5338,5422,5324,1087325,5306,5370,5306,405169,2164412798,1099417,0,0,5748,5096,0,0,08/19/2022 21:58:26,0,5338,253,5340,457,0,0,0,0,0,0,0,0,0,0,0,0,0,0,0,0,5342,20220819
20220819,TA301,,,5338,5422,5324,1087325,5306,5370,5306,405173,2164434166,1099417,0,0,5748,5096,0,0,08/19/2022 21:58:27,0,5338,285,5340,379,0,0,0,0,0,0,0,0,0,0,0,0,0,0,0,0,5342,20220819
20220819,TA301,,,5338,5422,5324,1087325,5306,5370,5306,405175,2164444850,1099416,0,0,5748,5096,0,0,08/19/2022 21:58:27,0,5338,284,5340,379,0,0,0,0,0,0,0,0,0,0,0,0,0,0,0,0,5342,20220819
20220819,TA301,,,5340,5422,5324,1087325,5306,5370,5306,405177,2164455534,1099416,0,0,5748,5096,0,0,08/19/2022 21:58:28,0,5338,282,5340,378,0,0,0,0,0,0,0,0,0,0,0,0,0,0,0,0,5342,20220819
20220819,TA301,,,5340,5422,5324,1087325,5306,5370,5306,405179,2164466218,1099416,0,0,5748,5096,0,0,08/19/2022 21:58:28,0,5338,284,5340,331,0,0,0,0,0,0,0,0,0,0,0,0,0,0,0,0,5342,20220819
20220819,TA301,,,5340,5422,5324,1087325,5306,5370,5306,405182,2164482244,1099418,0,0,5748,5096,0,0,08/19/2022 21:58:29,0,5338,284,5340,334,0,0,0,0,0,0,0,0,0,0,0,0,0,0,0,0,5342,20220819
20220819,TA301,,,5340,5422,5324,1087325,5306,5370,5306,405184,2164492928,1099418,0,0,5748,5096,0,0,08/19/2022 21:58:29,0,5338,285,5340,333,0,0,0,0,0,0,0,0,0,0,0,0,0,0,0,0,5342,20220819
20220819,TA301,,,5338,5422,5324,1087325,5306,5370,5306,405204,2164599768,1099418,0,0,5748,5096,0,0,08/19/2022 21:58:30,0,5338,270,5340,323,0,0,0,0,0,0,0,0,0,0,0,0,0,0,0,0,5342,20220819
20220819,TA301,,,5340,5422,5324,1087325,5306,5370,5306,405210,2164631820,1099416,0,0,5748,5096,0,0,08/19/2022 21:58:30,0,5338,265,5340,330,0,0,0,0,0,0,0,0,0,0,0,0,0,0,0,0,5342,20220819
20220819,TA301,,,5338,5422,5324,1087325,5306,5370,5306,405213,2164647846,1099416,0,0,5748,5096,0,0,08/19/2022 21:58:31,0,5338,264,5340,377,0,0,0,0,0,0,0,0,0,0,0,0,0,0,0,0,5342,20220819
20220819,TA301,,,5340,5422,5324,1087325,5306,5370,5306,405215,2164658530,1099415,0,0,5748,5096,0,0,08/19/2022 21:58:31,0,5338,265,5340,411,0,0,0,0,0,0,0,0,0,0,0,0,0,0,0,0,5342,20220819
20220819,TA301,,,5340,5422,5324,1087325,5306,5370,5306,405228,2164727976,1099410,0,0,5748,5096,0,0,08/19/2022 21:58:32,0,5338,276,5340,398,0,0,0,0,0,0,0,0,0,0,0,0,0,0,0,0,5342,20220819
20220819,TA301,,,5340,5422,5324,1087325,5306,5370,5306,405233,2164754686,1099410,0,0,5748,5096,0,0,08/19/2022 21:58:32,0,5338,276,5340,393,0,0,0,0,0,0,0,0,0,0,0,0,0,0,0,0,5342,20220819
20220819,TA301,,,5340,5422,5324,1087325,5306,5370,5306,405237,2164776054,1099408,0,0,5748,5096,0,0,08/19/2022 21:58:33,0,5338,285,5340,390,0,0,0,0,0,0,0,0,0,0,0,0,0,0,0,0,5342,20220819
20220819,TA301,,,5340,5422,5324,1087325,5306,5370,5306,405252,2164856184,1099406,0,0,5748,5096,0,0,08/19/2022 21:58:33,0,5338,320,5340,376,0,0,0,0,0,0,0,0,0,0,0,0,0,0,0,0,5342,20220819
20220819,TA301,,,5340,5422,5324,1087325,5306,5370,5306,405264,2164920288,1099397,0,0,5748,5096,0,0,08/19/2022 21:58:34,0,5338,323,5340,375,0,0,0,0,0,0,0,0,0,0,0,0,0,0,0,0,5342,20220819
20220819,TA301,,,5338,5422,5324,1087325,5306,5370,5306,405334,2165294228,1099338,0,0,5748,5096,0,0,08/19/2022 21:58:34,0,5338,325,5340,303,0,0,0,0,0,0,0,0,0,0,0,0,0,0,0,0,5342,20220819
20220819,TA301,,,5340,5422,5324,1087325,5306,5370,5306,405340,2165326280,1099343,0,0,5748,5096,0,0,08/19/2022 21:58:35,0,5338,330,5340,279,0,0,0,0,0,0,0,0,0,0,0,0,0,0,0,0,5342,20220819
20220819,TA301,,,5340,5422,5324,1087325,5306,5370,5306,405341,2165331622,1099344,0,0,5748,5096,0,0,08/19/2022 21:58:35,0,5338,332,5340,306,0,0,0,0,0,0,0,0,0,0,0,0,0,0,0,0,5342,20220819
20220819,TA301,,,5338,5422,5324,1087325,5306,5370,5306,405343,2165342306,1099346,0,0,5748,5096,0,0,08/19/2022 21:58:36,0,5338,373,5340,348,0,0,0,0,0,0,0,0,0,0,0,0,0,0,0,0,5342,20220819
20220819,TA301,,,5338,5422,5324,1087325,5306,5370,5306,405343,2165342306,1099346,0,0,5748,5096,0,0,08/19/2022 21:58:36,0,5338,376,5340,351,0,0,0,0,0,0,0,0,0,0,0,0,0,0,0,0,5342,20220819
20220819,TA301,,,5340,5422,5324,1087325,5306,5370,5306,405344,2165347648,1099346,0,0,5748,5096,0,0,08/19/2022 21:58:37,0,5338,383,5340,351,0,0,0,0,0,0,0,0,0,0,0,0,0,0,0,0,5342,20220819
20220819,TA301,,,5340,5422,5324,1087325,5306,5370,5306,405345,2165352990,1099347,0,0,5748,5096,0,0,08/19/2022 21:58:37,0,5338,399,5340,356,0,0,0,0,0,0,0,0,0,0,0,0,0,0,0,0,5342,20220819
20220819,TA301,,,5340,5422,5324,1087325,5306,5370,5306,405346,2165358332,1099347,0,0,5748,5096,0,0,08/19/2022 21:58:38,0,5338,399,5340,357,0,0,0,0,0,0,0,0,0,0,0,0,0,0,0,0,5342,20220819
20220819,TA301,,,5340,5422,5324,1087325,5306,5370,5306,405347,2165363674,1099346,0,0,5748,5096,0,0,08/19/2022 21:58:38,0,5338,394,5340,359,0,0,0,0,0,0,0,0,0,0,0,0,0,0,0,0,5342,20220819
20220819,TA301,,,5340,5422,5324,1087325,5306,5370,5306,405348,2165369016,1099347,0,0,5748,5096,0,0,08/19/2022 21:58:39,0,5338,394,5340,359,0,0,0,0,0,0,0,0,0,0,0,0,0,0,0,0,5342,20220819
20220819,TA301,,,5340,5422,5324,1087325,5306,5370,5306,405349,2165374358,1099347,0,0,5748,5096,0,0,08/19/2022 21:58:39,0,5338,394,5340,358,0,0,0,0,0,0,0,0,0,0,0,0,0,0,0,0,5342,20220819
20220819,TA301,,,5340,5422,5324,1087325,5306,5370,5306,405349,2165374358,1099347,0,0,5748,5096,0,0,08/19/2022 21:58:40,0,5338,395,5340,372,0,0,0,0,0,0,0,0,0,0,0,0,0,0,0,0,5342,20220819
20220819,TA301,,,5340,5422,5324,1087325,5306,5370,5306,405352,2165390384,1099347,0,0,5748,5096,0,0,08/19/2022 21:58:40,0,5338,395,5340,372,0,0,0,0,0,0,0,0,0,0,0,0,0,0,0,0,5342,20220819
20220819,TA301,,,5340,5422,5324,1087325,5306,5370,5306,405352,2165390384,1099347,0,0,5748,5096,0,0,08/19/2022 21:58:41,0,5338,397,5340,374,0,0,0,0,0,0,0,0,0,0,0,0,0,0,0,0,5342,20220819
20220819,TA301,,,5340,5422,5324,1087325,5306,5370,5306,405440,2165860480,1099383,0,0,5748,5096,0,0,08/19/2022 21:58:41,0,5338,397,5340,308,0,0,0,0,0,0,0,0,0,0,0,0,0,0,0,0,5342,20220819
20220819,TA301,,,5340,5422,5324,1087325,5306,5370,5306,405447,2165897874,1099383,0,0,5748,5096,0,0,08/19/2022 21:58:42,0,5338,398,5340,302,0,0,0,0,0,0,0,0,0,0,0,0,0,0,0,0,5342,20220819
20220819,TA301,,,5340,5422,5324,1087325,5306,5370,5306,405460,2165967320,1099381,0,0,5748,5096,0,0,08/19/2022 21:58:42,0,5338,400,5340,317,0,0,0,0,0,0,0,0,0,0,0,0,0,0,0,0,5342,20220819
20220819,TA301,,,5338,5422,5324,1087325,5306,5370,5306,405461,2165972662,1099382,0,0,5748,5096,0,0,08/19/2022 21:58:43,0,5338,355,5340,328,0,0,0,0,0,0,0,0,0,0,0,0,0,0,0,0,5342,20220819
20220819,TA301,,,5338,5422,5324,1087325,5306,5370,5306,405462,2165978004,1099383,0,0,5748,5096,0,0,08/19/2022 21:58:43,0,5338,325,5340,334,0,0,0,0,0,0,0,0,0,0,0,0,0,0,0,0,5342,20220819
20220819,TA301,,,5340,5422,5324,1087325,5306,5370,5306,405463,2165983346,1099384,0,0,5748,5096,0,0,08/19/2022 21:58:44,0,5338,325,5340,413,0,0,0,0,0,0,0,0,0,0,0,0,0,0,0,0,5342,20220819
20220819,TA301,,,5338,5422,5324,1087325,5306,5370,5306,405788,2167719496,1099552,0,0,5748,5096,0,0,08/19/2022 21:58:44,0,5336,391,5338,212,0,0,0,0,0,0,0,0,0,0,0,0,0,0,0,0,5342,20220819
20220819,TA301,,,5338,5422,5324,1087325,5306,5370,5306,405817,2167874414,1099525,0,0,5748,5096,0,0,08/19/2022 21:58:45,0,5336,384,5338,220,0,0,0,0,0,0,0,0,0,0,0,0,0,0,0,0,5342,20220819
20220819,TA301,,,5338,5422,5324,1087325,5306,5370,5306,405826,2167922492,1099526,0,0,5748,5096,0,0,08/19/2022 21:58:45,0,5336,369,5338,168,0,0,0,0,0,0,0,0,0,0,0,0,0,0,0,0,5342,20220819
20220819,TA301,,,5338,5422,5324,1087325,5306,5370,5306,405828,2167933176,1099528,0,0,5748,5096,0,0,08/19/2022 21:58:46,0,5336,354,5338,169,0,0,0,0,0,0,0,0,0,0,0,0,0,0,0,0,5342,20220819
20220819,TA301,,,5338,5422,5324,1087325,5306,5370,5306,405835,2167970570,1099528,0,0,5748,5096,0,0,08/19/2022 21:58:46,0,5336,355,5338,179,0,0,0,0,0,0,0,0,0,0,0,0,0,0,0,0,5342,20220819
20220819,TA301,,,5338,5422,5324,1087325,5306,5370,5306,405837,2167981254,1099529,0,0,5748,5096,0,0,08/19/2022 21:58:47,0,5336,356,5338,177,0,0,0,0,0,0,0,0,0,0,0,0,0,0,0,0,5342,20220819
20220819,TA301,,,5338,5422,5324,1087325,5306,5370,5306,405838,2167986596,1099530,0,0,5748,5096,0,0,08/19/2022 21:58:47,0,5336,357,5338,178,0,0,0,0,0,0,0,0,0,0,0,0,0,0,0,0,5342,20220819
20220819,TA301,,,5338,5422,5324,1087325,5306,5370,5306,405843,2168013306,1099530,0,0,5748,5096,0,0,08/19/2022 21:58:48,0,5336,356,5338,175,0,0,0,0,0,0,0,0,0,0,0,0,0,0,0,0,5342,20220819
20220819,TA301,,,5338,5422,5324,1087325,5306,5370,5306,405856,2168082752,1099531,0,0,5748,5096,0,0,08/19/2022 21:58:48,0,5336,360,5338,162,0,0,0,0,0,0,0,0,0,0,0,0,0,0,0,0,5342,20220819
20220819,TA301,,,5338,5422,5324,1087325,5306,5370,5306,405856,2168082752,1099531,0,0,5748,5096,0,0,08/19/2022 21:58:49,0,5336,361,5338,165,0,0,0,0,0,0,0,0,0,0,0,0,0,0,0,0,5342,20220819
20220819,TA301,,,5338,5422,5324,1087325,5306,5370,5306,406025,2168985550,1099628,0,0,5748,5096,0,0,08/19/2022 21:58:49,0,5338,144,5340,434,0,0,0,0,0,0,0,0,0,0,0,0,0,0,0,0,5342,20220819
20220819,TA301,,,5338,5422,5324,1087325,5306,5370,5306,406028,2169001576,1099629,0,0,5748,5096,0,0,08/19/2022 21:58:50,0,5338,195,5340,350,0,0,0,0,0,0,0,0,0,0,0,0,0,0,0,0,5342,20220819
20220819,TA301,,,5340,5422,5324,1087325,5306,5370,5306,406030,2169012260,1099630,0,0,5748,5096,0,0,08/19/2022 21:58:50,0,5338,198,5340,351,0,0,0,0,0,0,0,0,0,0,0,0,0,0,0,0,5342,20220819
20220819,TA301,,,5340,5422,5324,1087325,5306,5370,5306,406031,2169017602,1099631,0,0,5748,5096,0,0,08/19/2022 21:58:51,0,5338,199,5340,350,0,0,0,0,0,0,0,0,0,0,0,0,0,0,0,0,5342,20220819
20220819,TA301,,,5338,5422,5324,1087325,5306,5370,5306,406040,2169065680,1099640,0,0,5748,5096,0,0,08/19/2022 21:58:51,0,5338,191,5340,380,0,0,0,0,0,0,0,0,0,0,0,0,0,0,0,0,5342,20220819
20220819,TA301,,,5340,5422,5324,1087325,5306,5370,5306,406050,2169119100,1099645,0,0,5748,5096,0,0,08/19/2022 21:58:52,0,5338,189,5340,363,0,0,0,0,0,0,0,0,0,0,0,0,0,0,0,0,5342,20220819
20220819,TA301,,,5338,5422,5324,1087325,5306,5370,5306,406057,2169156494,1099644,0,0,5748,5096,0,0,08/19/2022 21:58:52,0,5338,188,5340,362,0,0,0,0,0,0,0,0,0,0,0,0,0,0,0,0,5342,20220819
20220819,TA301,,,5338,5422,5324,1087325,5306,5370,5306,406141,2169605222,1099594,0,0,5748,5096,0,0,08/19/2022 21:58:53,0,5338,203,5340,346,0,0,0,0,0,0,0,0,0,0,0,0,0,0,0,0,5342,20220819
20220819,TA301,,,5340,5422,5324,1087325,5306,5370,5306,406144,2169621248,1099594,0,0,5748,5096,0,0,08/19/2022 21:58:53,0,5338,206,5340,344,0,0,0,0,0,0,0,0,0,0,0,0,0,0,0,0,5342,20220819
20220819,TA301,,,5338,5422,5324,1087325,5306,5370,5306,406209,2169968478,1099588,0,0,5748,5096,0,0,08/19/2022 21:58:54,0,5338,150,5340,295,0,0,0,0,0,0,0,0,0,0,0,0,0,0,0,0,5342,20220819
20220819,TA301,,,5338,5422,5324,1087325,5306,5370,5306,406209,2169968478,1099588,0,0,5748,5096,0,0,08/19/2022 21:58:54,0,5338,124,5340,406,0,0,0,0,0,0,0,0,0,0,0,0,0,0,0,0,5342,20220819
20220819,TA301,,,5340,5422,5324,1087325,5306,5370,5306,406280,2170347760,1099555,0,0,5748,5096,0,0,08/19/2022 21:58:55,0,5338,118,5340,346,0,0,0,0,0,0,0,0,0,0,0,0,0,0,0,0,5342,20220819
20220819,TA301,,,5340,5422,5324,1087325,5306,5370,5306,406282,2170358444,1099556,0,0,5748,5096,0,0,08/19/2022 21:58:55,0,5338,128,5340,346,0,0,0,0,0,0,0,0,0,0,0,0,0,0,0,0,5342,20220819
20220819,TA301,,,5340,5422,5324,1087325,5306,5370,5306,406282,2170358444,1099556,0,0,5748,5096,0,0,08/19/2022 21:58:56,0,5338,128,5340,347,0,0,0,0,0,0,0,0,0,0,0,0,0,0,0,0,5342,20220819
20220819,TA301,,,5340,5422,5324,1087325,5306,5370,5306,406288,2170390496,1099562,0,0,5748,5096,0,0,08/19/2022 21:58:56,0,5338,129,5340,342,0,0,0,0,0,0,0,0,0,0,0,0,0,0,0,0,5342,20220819
20220819,TA301,,,5340,5422,5324,1087325,5306,5370,5306,406288,2170390496,1099562,0,0,5748,5096,0,0,08/19/2022 21:58:57,0,5338,130,5340,342,0,0,0,0,0,0,0,0,0,0,0,0,0,0,0,0,5342,20220819
20220819,TA301,,,5338,5422,5324,1087325,5306,5370,5306,406289,2170395838,1099561,0,0,5748,5096,0,0,08/19/2022 21:58:57,0,5338,154,5340,343,0,0,0,0,0,0,0,0,0,0,0,0,0,0,0,0,5342,20220819
20220819,TA301,,,5340,5422,5324,1087325,5306,5370,5306,406311,2170513362,1099579,0,0,5748,5096,0,0,08/19/2022 21:58:58,0,5338,157,5340,324,0,0,0,0,0,0,0,0,0,0,0,0,0,0,0,0,5342,20220819
20220819,TA301,,,5340,5422,5324,1087325,5306,5370,5306,406316,2170540072,1099582,0,0,5748,5096,0,0,08/19/2022 21:58:58,0,5338,209,5340,321,0,0,0,0,0,0,0,0,0,0,0,0,0,0,0,0,5342,20220819
20220819,TA301,,,5340,5422,5324,1087325,5306,5370,5306,406317,2170545414,1099582,0,0,5748,5096,0,0,08/19/2022 21:58:59,0,5338,230,5340,429,0,0,0,0,0,0,0,0,0,0,0,0,0,0,0,0,5342,20220819
20220819,TA301,,,5340,5422,5324,1087325,5306,5370,5306,406330,2170614860,1099581,0,0,5748,5096,0,0,08/19/2022 21:58:59,0,5338,229,5340,417,0,0,0,0,0,0,0,0,0,0,0,0,0,0,0,0,5342,20220819
20220819,TA301,,,5340,5422,5324,1087325,5306,5370,5306,406331,2170620202,1099582,0,0,5748,5096,0,0,08/19/2022 21:59:00,0,5338,229,5340,420,0,0,0,0,0,0,0,0,0,0,0,0,0,0,0,0,5342,20220819
20220819,TA301,,,5340,5422,5324,1087325,5306,5370,5306,406336,2170646912,1099587,0,0,5748,5096,0,0,08/19/2022 21:59:00,0,5338,240,5340,417,0,0,0,0,0,0,0,0,0,0,0,0,0,0,0,0,5342,20220819
20220819,TA301,,,5338,5422,5324,1087325,5306,5370,5306,406343,2170684306,1099588,0,0,5748,5096,0,0,08/19/2022 21:59:01,0,5338,348,5340,452,0,0,0,0,0,0,0,0,0,0,0,0,0,0,0,0,5342,20220819
20220819,TA301,,,5340,5422,5324,1087325,5306,5370,5306,406426,2171127692,1099608,0,0,5748,5096,0,0,08/19/2022 21:59:01,0,5338,298,5340,473,0,0,0,0,0,0,0,0,0,0,0,0,0,0,0,0,5342,20220819
20220819,TA301,,,5340,5422,5324,1087325,5306,5370,5306,406426,2171127692,1099608,0,0,5748,5096,0,0,08/19/2022 21:59:02,0,5338,294,5340,475,0,0,0,0,0,0,0,0,0,0,0,0,0,0,0,0,5342,20220819
20220819,TA301,,,5340,5422,5324,1087325,5306,5370,5306,406427,2171133034,1099608,0,0,5748,5096,0,0,08/19/2022 21:59:02,0,5338,307,5340,483,0,0,0,0,0,0,0,0,0,0,0,0,0,0,0,0,5342,20220819
20220819,TA301,,,5340,5422,5324,1087325,5306,5370,5306,406427,2171133034,1099608,0,0,5748,5096,0,0,08/19/2022 21:59:03,0,5338,317,5340,483,0,0,0,0,0,0,0,0,0,0,0,0,0,0,0,0,5342,20220819
20220819,TA301,,,5340,5422,5324,1087325,5306,5370,5306,406433,2171165086,1099608,0,0,5748,5096,0,0,08/19/2022 21:59:03,0,5338,327,5340,485,0,0,0,0,0,0,0,0,0,0,0,0,0,0,0,0,5342,20220819
20220819,TA301,,,5340,5422,5324,1087325,5306,5370,5306,406444,2171223848,1099609,0,0,5748,5096,0,0,08/19/2022 21:59:04,0,5338,323,5340,475,0,0,0,0,0,0,0,0,0,0,0,0,0,0,0,0,5342,20220819
20220819,TA301,,,5338,5422,5324,1087325,5306,5370,5306,406445,2171229190,1099610,0,0,5748,5096,0,0,08/19/2022 21:59:04,0,5338,325,5340,475,0,0,0,0,0,0,0,0,0,0,0,0,0,0,0,0,5342,20220819
20220819,TA301,,,5338,5422,5324,1087325,5306,5370,5306,406445,2171229190,1099610,0,0,5748,5096,0,0,08/19/2022 21:59:05,0,5338,329,5340,475,0,0,0,0,0,0,0,0,0,0,0,0,0,0,0,0,5342,20220819
20220819,TA301,,,5340,5422,5324,1087325,5306,5370,5306,406448,2171245216,1099613,0,0,5748,5096,0,0,08/19/2022 21:59:05,0,5338,327,5340,476,0,0,0,0,0,0,0,0,0,0,0,0,0,0,0,0,5342,20220819
20220819,TA301,,,5340,5422,5324,1087325,5306,5370,5306,406459,2171303978,1099612,0,0,5748,5096,0,0,08/19/2022 21:59:06,0,5338,325,5340,466,0,0,0,0,0,0,0,0,0,0,0,0,0,0,0,0,5342,20220819
20220819,TA301,,,5340,5422,5324,1087325,5306,5370,5306,406459,2171303978,1099612,0,0,5748,5096,0,0,08/19/2022 21:59:06,0,5338,329,5340,467,0,0,0,0,0,0,0,0,0,0,0,0,0,0,0,0,5342,20220819
20220819,TA301,,,5340,5422,5324,1087325,5306,5370,5306,406463,2171325346,1099610,0,0,5748,5096,0,0,08/19/2022 21:59:07,0,5338,329,5340,464,0,0,0,0,0,0,0,0,0,0,0,0,0,0,0,0,5342,20220819
20220819,TA301,,,5340,5422,5324,1087325,5306,5370,5306,406465,2171336030,1099610,0,0,5748,5096,0,0,08/19/2022 21:59:07,0,5338,330,5340,463,0,0,0,0,0,0,0,0,0,0,0,0,0,0,0,0,5342,20220819
20220819,TA301,,,5338,5422,5324,1087325,5306,5370,5306,406468,2171352056,1099610,0,0,5748,5096,0,0,08/19/2022 21:59:08,0,5338,328,5340,467,0,0,0,0,0,0,0,0,0,0,0,0,0,0,0,0,5342,20220819
20220819,TA301,,,5338,5422,5324,1087325,5306,5370,5306,406468,2171352056,1099610,0,0,5748,5096,0,0,08/19/2022 21:59:08,0,5338,318,5340,458,0,0,0,0,0,0,0,0,0,0,0,0,0,0,0,0,5342,20220819
20220819,TA301,,,5340,5422,5324,1087325,5306,5370,5306,406469,2171357398,1099610,0,0,5748,5096,0,0,08/19/2022 21:59:09,0,5338,324,5340,466,0,0,0,0,0,0,0,0,0,0,0,0,0,0,0,0,5342,20220819
20220819,TA301,,,5338,5422,5324,1087325,5306,5370,5306,406470,2171362740,1099610,0,0,5748,5096,0,0,08/19/2022 21:59:09,0,5338,323,5340,470,0,0,0,0,0,0,0,0,0,0,0,0,0,0,0,0,5342,20220819
20220819,TA301,,,5338,5422,5324,1087325,5306,5370,5306,406472,2171373424,1099612,0,0,5748,5096,0,0,08/19/2022 21:59:10,0,5338,337,5340,471,0,0,0,0,0,0,0,0,0,0,0,0,0,0,0,0,5342,20220819
20220819,TA301,,,5340,5422,5324,1087325,5306,5370,5306,406482,2171426844,1099619,0,0,5748,5096,0,0,08/19/2022 21:59:10,0,5338,337,5340,464,0,0,0,0,0,0,0,0,0,0,0,0,0,0,0,0,5342,20220819
20220819,TA301,,,5340,5422,5324,1087325,5306,5370,5306,406526,2171661892,1099596,0,0,5748,5096,0,0,08/19/2022 21:59:11,0,5338,341,5340,424,0,0,0,0,0,0,0,0,0,0,0,0,0,0,0,0,5342,20220819
20220819,TA301,,,5340,5422,5324,1087325,5306,5370,5306,406526,2171661892,1099596,0,0,5748,5096,0,0,08/19/2022 21:59:11,0,5338,356,5340,457,0,0,0,0,0,0,0,0,0,0,0,0,0,0,0,0,5342,20220819
20220819,TA301,,,5338,5422,5324,1087325,5306,5370,5306,406527,2171667234,1099595,0,0,5748,5096,0,0,08/19/2022 21:59:12,0,5338,365,5340,454,0,0,0,0,0,0,0,0,0,0,0,0,0,0,0,0,5342,20220819
20220819,TA301,,,5340,5422,5324,1087325,5306,5370,5306,406533,2171699286,1099593,0,0,5748,5096,0,0,08/19/2022 21:59:12,0,5338,388,5340,450,0,0,0,0,0,0,0,0,0,0,0,0,0,0,0,0,5342,20220819
20220819,TA301,,,5338,5422,5324,1087325,5306,5370,5306,406573,2171912966,1099618,0,0,5748,5096,0,0,08/19/2022 21:59:13,0,5338,351,5340,462,0,0,0,0,0,0,0,0,0,0,0,0,0,0,0,0,5342,20220819
20220819,TA301,,,5340,5422,5324,1087325,5306,5370,5306,406578,2171939676,1099623,0,0,5748,5096,0,0,08/19/2022 21:59:13,0,5338,310,5340,451,0,0,0,0,0,0,0,0,0,0,0,0,0,0,0,0,5342,20220819
20220819,TA301,,,5340,5422,5324,1087325,5306,5370,5306,406578,2171939676,1099623,0,0,5748,5096,0,0,08/19/2022 21:59:14,0,5338,294,5340,482,0,0,0,0,0,0,0,0,0,0,0,0,0,0,0,0,5342,20220819
20220819,TA301,,,5338,5422,5324,1087325,5306,5370,5306,406583,2171966386,1099628,0,0,5748,5096,0,0,08/19/2022 21:59:14,0,5338,285,5340,488,0,0,0,0,0,0,0,0,0,0,0,0,0,0,0,0,5342,20220819
20220819,TA301,,,5338,5422,5324,1087325,5306,5370,5306,406587,2171987754,1099631,0,0,5748,5096,0,0,08/19/2022 21:59:15,0,5338,281,5340,486,0,0,0,0,0,0,0,0,0,0,0,0,0,0,0,0,5342,20220819
20220819,TA301,,,5338,5422,5324,1087325,5306,5370,5306,406587,2171987754,1099631,0,0,5748,5096,0,0,08/19/2022 21:59:15,0,5338,281,5340,486,0,0,0,0,0,0,0,0,0,0,0,0,0,0,0,0,5342,20220819
20220819,TA301,,,5338,5422,5324,1087325,5306,5370,5306,406587,2171987754,1099631,0,0,5748,5096,0,0,08/19/2022 21:59:16,0,5338,285,5340,492,0,0,0,0,0,0,0,0,0,0,0,0,0,0,0,0,5342,20220819
20220819,TA301,,,5340,5422,5324,1087325,5306,5370,5306,406589,2171998438,1099632,0,0,5748,5096,0,0,08/19/2022 21:59:16,0,5338,308,5340,491,0,0,0,0,0,0,0,0,0,0,0,0,0,0,0,0,5342,20220819
20220819,TA301,,,5340,5422,5324,1087325,5306,5370,5306,406603,2172073226,1099640,0,0,5748,5096,0,0,08/19/2022 21:59:17,0,5338,304,5340,497,0,0,0,0,0,0,0,0,0,0,0,0,0,0,0,0,5342,20220819
20220819,TA301,,,5338,5422,5324,1087325,5306,5370,5306,406605,2172083910,1099640,0,0,5748,5096,0,0,08/19/2022 21:59:17,0,5338,301,5340,493,0,0,0,0,0,0,0,0,0,0,0,0,0,0,0,0,5342,20220819
20220819,TA301,,,5340,5422,5324,1087325,5306,5370,5306,406607,2172094594,1099639,0,0,5748,5096,0,0,08/19/2022 21:59:18,0,5338,312,5340,492,0,0,0,0,0,0,0,0,0,0,0,0,0,0,0,0,5342,20220819
20220819,TA301,,,5340,5422,5324,1087325,5306,5370,5306,406646,2172302932,1099661,0,0,5748,5096,0,0,08/19/2022 21:59:18,0,5338,286,5340,479,0,0,0,0,0,0,0,0,0,0,0,0,0,0,0,0,5342,20220819
20220819,TA301,,,5340,5422,5324,1087325,5306,5370,5306,406646,2172302932,1099661,0,0,5748,5096,0,0,08/19/2022 21:59:19,0,5338,287,5340,484,0,0,0,0,0,0,0,0,0,0,0,0,0,0,0,0,5342,20220819
20220819,TA301,,,5340,5422,5324,1087325,5306,5370,5306,406654,2172345668,1099669,0,0,5748,5096,0,0,08/19/2022 21:59:19,0,5338,288,5340,479,0,0,0,0,0,0,0,0,0,0,0,0,0,0,0,0,5342,20220819
20220819,TA301,,,5340,5422,5324,1087325,5306,5370,5306,406654,2172345668,1099669,0,0,5748,5096,0,0,08/19/2022 21:59:20,0,5338,328,5340,480,0,0,0,0,0,0,0,0,0,0,0,0,0,0,0,0,5342,20220819
20220819,TA301,,,5340,5422,5324,1087325,5306,5370,5306,406656,2172356352,1099671,0,0,5748,5096,0,0,08/19/2022 21:59:20,0,5338,291,5340,479,0,0,0,0,0,0,0,0,0,0,0,0,0,0,0,0,5342,20220819
20220819,TA301,,,5340,5422,5324,1087325,5306,5370,5306,406658,2172367036,1099672,0,0,5748,5096,0,0,08/19/2022 21:59:21,0,5338,286,5340,480,0,0,0,0,0,0,0,0,0,0,0,0,0,0,0,0,5342,20220819
20220819,TA301,,,5340,5422,5324,1087325,5306,5370,5306,406658,2172367036,1099672,0,0,5748,5096,0,0,08/19/2022 21:59:21,0,5338,289,5340,515,0,0,0,0,0,0,0,0,0,0,0,0,0,0,0,0,5342,20220819
20220819,TA301,,,5340,5422,5324,1087325,5306,5370,5306,406659,2172372378,1099672,0,0,5748,5096,0,0,08/19/2022 21:59:22,0,5338,289,5340,516,0,0,0,0,0,0,0,0,0,0,0,0,0,0,0,0,5342,20220819
20220819,TA301,,,5340,5422,5324,1087325,5306,5370,5306,406662,2172388404,1099671,0,0,5748,5096,0,0,08/19/2022 21:59:22,0,5338,290,5340,513,0,0,0,0,0,0,0,0,0,0,0,0,0,0,0,0,5342,20220819
20220819,TA301,,,5340,5422,5324,1087325,5306,5370,5306,406663,2172393746,1099671,0,0,5748,5096,0,0,08/19/2022 21:59:23,0,5338,290,5340,525,0,0,0,0,0,0,0,0,0,0,0,0,0,0,0,0,5342,20220819
20220819,TA301,,,5340,5422,5324,1087325,5306,5370,5306,406671,2172436482,1099668,0,0,5748,5096,0,0,08/19/2022 21:59:23,0,5338,291,5340,526,0,0,0,0,0,0,0,0,0,0,0,0,0,0,0,0,5342,20220819
20220819,TA301,,,5340,5422,5324,1087325,5306,5370,5306,406673,2172447166,1099669,0,0,5748,5096,0,0,08/19/2022 21:59:23,0,5338,291,5340,524,0,0,0,0,0,0,0,0,0,0,0,0,0,0,0,0,5342,20220819
20220819,TA301,,,5340,5422,5324,1087325,5306,5370,5306,406728,2172740976,1099705,0,0,5748,5096,0,0,08/19/2022 21:59:24,0,5338,243,5340,530,0,0,0,0,0,0,0,0,0,0,0,0,0,0,0,0,5342,20220819
20220819,TA301,,,5338,5422,5324,1087325,5306,5370,5306,406978,2174076476,1099818,0,0,5748,5096,0,0,08/19/2022 21:59:25,0,5336,510,5338,169,0,0,0,0,0,0,0,0,0,0,0,0,0,0,0,0,5342,20220819
20220819,TA301,,,5338,5422,5324,1087325,5306,5370,5306,406983,2174103186,1099816,0,0,5748,5096,0,0,08/19/2022 21:59:25,0,5336,419,5338,212,0,0,0,0,0,0,0,0,0,0,0,0,0,0,0,0,5342,20220819
20220819,TA301,,,5338,5422,5324,1087325,5306,5370,5306,407005,2174220710,1099816,0,0,5748,5096,0,0,08/19/2022 21:59:26,0,5336,404,5338,236,0,0,0,0,0,0,0,0,0,0,0,0,0,0,0,0,5342,20220819
20220819,TA301,,,5338,5422,5324,1087325,5306,5370,5306,407015,2174274130,1099806,0,0,5748,5096,0,0,08/19/2022 21:59:26,0,5336,404,5338,228,0,0,0,0,0,0,0,0,0,0,0,0,0,0,0,0,5342,20220819
20220819,TA301,,,5338,5422,5324,1087325,5306,5370,5306,407015,2174274130,1099806,0,0,5748,5096,0,0,08/19/2022 21:59:26,0,5336,404,5338,229,0,0,0,0,0,0,0,0,0,0,0,0,0,0,0,0,5342,20220819
20220819,TA301,,,5338,5422,5324,1087325,5306,5370,5306,407245,2175502790,1099941,0,0,5748,5096,0,0,08/19/2022 21:59:27,0,5338,407,5340,474,0,0,0,0,0,0,0,0,0,0,0,0,0,0,0,0,5342,20220819
20220819,TA301,,,5340,5422,5324,1087325,5306,5370,5306,407253,2175545526,1099947,0,0,5748,5096,0,0,08/19/2022 21:59:28,0,5338,589,5340,414,0,0,0,0,0,0,0,0,0,0,0,0,0,0,0,0,5342,20220819
20220819,TA301,,,5338,5422,5324,1087325,5306,5370,5306,407254,2175550868,1099948,0,0,5748,5096,0,0,08/19/2022 21:59:28,0,5338,579,5340,415,0,0,0,0,0,0,0,0,0,0,0,0,0,0,0,0,5342,20220819
20220819,TA301,,,5338,5422,5324,1087325,5306,5370,5306,407255,2175556210,1099948,0,0,5748,5096,0,0,08/19/2022 21:59:29,0,5338,577,5340,436,0,0,0,0,0,0,0,0,0,0,0,0,0,0,0,0,5342,20220819
20220819,TA301,,,5338,5422,5324,1087325,5306,5370,5306,407260,2175582920,1099953,0,0,5748,5096,0,0,08/19/2022 21:59:29,0,5338,574,5340,437,0,0,0,0,0,0,0,0,0,0,0,0,0,0,0,0,5342,20220819
20220819,TA301,,,5338,5422,5324,1087325,5306,5370,5306,407360,2176117120,1100053,0,0,5748,5096,0,0,08/19/2022 21:59:30,0,5338,487,5340,437,0,0,0,0,0,0,0,0,0,0,0,0,0,0,0,0,5342,20220819
20220819,TA301,,,5340,5422,5324,1087325,5306,5370,5306,407462,2176662004,1099959,0,0,5748,5096,0,0,08/19/2022 21:59:30,0,5338,387,5340,336,0,0,0,0,0,0,0,0,0,0,0,0,0,0,0,0,5342,20220819
20220819,TA301,,,5338,5422,5324,1087325,5306,5370,5306,407472,2176715424,1099959,0,0,5748,5096,0,0,08/19/2022 21:59:31,0,5338,379,5340,348,0,0,0,0,0,0,0,0,0,0,0,0,0,0,0,0,5342,20220819
20220819,TA301,,,5338,5422,5324,1087325,5306,5370,5306,407472,2176715424,1099959,0,0,5748,5096,0,0,08/19/2022 21:59:31,0,5338,424,5340,349,0,0,0,0,0,0,0,0,0,0,0,0,0,0,0,0,5342,20220819
20220819,TA301,,,5338,5422,5324,1087325,5306,5370,5306,407472,2176715424,1099959,0,0,5748,5096,0,0,08/19/2022 21:59:32,0,5338,425,5340,349,0,0,0,0,0,0,0,0,0,0,0,0,0,0,0,0,5342,20220819
20220819,TA301,,,5338,5422,5324,1087325,5306,5370,5306,407473,2176720766,1099959,0,0,5748,5096,0,0,08/19/2022 21:59:32,0,5338,424,5340,348,0,0,0,0,0,0,0,0,0,0,0,0,0,0,0,0,5342,20220819
20220819,TA301,,,5340,5422,5324,1087325,5306,5370,5306,407474,2176726108,1099959,0,0,5748,5096,0,0,08/19/2022 21:59:33,0,5338,432,5340,347,0,0,0,0,0,0,0,0,0,0,0,0,0,0,0,0,5342,20220819
20220819,TA301,,,5338,5422,5324,1087325,5306,5370,5306,407477,2176742134,1099962,0,0,5748,5096,0,0,08/19/2022 21:59:33,0,5338,429,5340,361,0,0,0,0,0,0,0,0,0,0,0,0,0,0,0,0,5342,20220819
20220819,TA301,,,5338,5422,5324,1087325,5306,5370,5306,407478,2176747476,1099962,0,0,5748,5096,0,0,08/19/2022 21:59:34,0,5338,430,5340,360,0,0,0,0,0,0,0,0,0,0,0,0,0,0,0,0,5342,20220819
20220819,TA301,,,5338,5422,5324,1087325,5306,5370,5306,407478,2176747476,1099962,0,0,5748,5096,0,0,08/19/2022 21:59:34,0,5338,432,5340,360,0,0,0,0,0,0,0,0,0,0,0,0,0,0,0,0,5342,20220819
20220819,TA301,,,5338,5422,5324,1087325,5306,5370,5306,407516,2176950472,1100000,0,0,5748,5096,0,0,08/19/2022 21:59:35,0,5338,395,5340,323,0,0,0,0,0,0,0,0,0,0,0,0,0,0,0,0,5342,20220819
20220819,TA301,,,5338,5422,5324,1087325,5306,5370,5306,407517,2176955814,1100000,0,0,5748,5096,0,0,08/19/2022 21:59:35,0,5338,394,5340,324,0,0,0,0,0,0,0,0,0,0,0,0,0,0,0,0,5342,20220819
20220819,TA301,,,5338,5422,5324,1087325,5306,5370,5306,407523,2176987866,1099999,0,0,5748,5096,0,0,08/19/2022 21:59:36,0,5338,389,5340,320,0,0,0,0,0,0,0,0,0,0,0,0,0,0,0,0,5342,20220819
20220819,TA301,,,5340,5422,5324,1087325,5306,5370,5306,407528,2177014576,1099995,0,0,5748,5096,0,0,08/19/2022 21:59:36,0,5338,390,5340,345,0,0,0,0,0,0,0,0,0,0,0,0,0,0,0,0,5342,20220819
20220819,TA301,,,5340,5422,5324,1087325,5306,5370,5306,407539,2177073338,1099992,0,0,5748,5096,0,0,08/19/2022 21:59:37,0,5338,399,5340,337,0,0,0,0,0,0,0,0,0,0,0,0,0,0,0,0,5342,20220819
20220819,TA301,,,5340,5422,5324,1087325,5306,5370,5306,407550,2177132100,1099995,0,0,5748,5096,0,0,08/19/2022 21:59:37,0,5338,398,5340,321,0,0,0,0,0,0,0,0,0,0,0,0,0,0,0,0,5342,20220819
20220819,TA301,,,5340,5422,5324,1087325,5306,5370,5306,407551,2177137442,1099994,0,0,5748,5096,0,0,08/19/2022 21:59:38,0,5338,399,5340,321,0,0,0,0,0,0,0,0,0,0,0,0,0,0,0,0,5342,20220819
20220819,TA301,,,5338,5422,5324,1087325,5306,5370,5306,407564,2177206888,1100006,0,0,5748,5096,0,0,08/19/2022 21:59:38,0,5338,387,5340,332,0,0,0,0,0,0,0,0,0,0,0,0,0,0,0,0,5342,20220819
20220819,TA301,,,5338,5422,5324,1087325,5306,5370,5306,407571,2177244282,1100011,0,0,5748,5096,0,0,08/19/2022 21:59:39,0,5338,381,5340,353,0,0,0,0,0,0,0,0,0,0,0,0,0,0,0,0,5342,20220819
20220819,TA301,,,5340,5422,5324,1087325,5306,5370,5306,407598,2177388516,1100028,0,0,5748,5096,0,0,08/19/2022 21:59:39,0,5338,383,5340,328,0,0,0,0,0,0,0,0,0,0,0,0,0,0,0,0,5342,20220819
20220819,TA301,,,5340,5422,5324,1087325,5306,5370,5306,407601,2177404542,1100029,0,0,5748,5096,0,0,08/19/2022 21:59:40,0,5338,382,5340,328,0,0,0,0,0,0,0,0,0,0,0,0,0,0,0,0,5342,20220819
20220819,TA301,,,5340,5422,5324,1087325,5306,5370,5306,407601,2177404542,1100029,0,0,5748,5096,0,0,08/19/2022 21:59:40,0,5338,387,5340,328,0,0,0,0,0,0,0,0,0,0,0,0,0,0,0,0,5342,20220819
20220819,TA301,,,5340,5422,5324,1087325,5306,5370,5306,407602,2177409884,1100030,0,0,5748,5096,0,0,08/19/2022 21:59:41,0,5338,387,5340,331,0,0,0,0,0,0,0,0,0,0,0,0,0,0,0,0,5342,20220819
20220819,TA301,,,5340,5422,5324,1087325,5306,5370,5306,407602,2177409884,1100030,0,0,5748,5096,0,0,08/19/2022 21:59:41,0,5338,387,5340,330,0,0,0,0,0,0,0,0,0,0,0,0,0,0,0,0,5342,20220819
20220819,TA301,,,5340,5422,5324,1087325,5306,5370,5306,407605,2177425910,1100030,0,0,5748,5096,0,0,08/19/2022 21:59:42,0,5338,390,5340,353,0,0,0,0,0,0,0,0,0,0,0,0,0,0,0,0,5342,20220819
20220819,TA301,,,5340,5422,5324,1087325,5306,5370,5306,407605,2177425910,1100030,0,0,5748,5096,0,0,08/19/2022 21:59:42,0,5338,345,5340,358,0,0,0,0,0,0,0,0,0,0,0,0,0,0,0,0,5342,20220819
20220819,TA301,,,5340,5422,5324,1087325,5306,5370,5306,407611,2177457962,1100034,0,0,5748,5096,0,0,08/19/2022 21:59:43,0,5338,339,5340,369,0,0,0,0,0,0,0,0,0,0,0,0,0,0,0,0,5342,20220819
20220819,TA301,,,5338,5422,5324,1087325,5306,5370,5306,407613,2177468646,1100034,0,0,5748,5096,0,0,08/19/2022 21:59:43,0,5338,338,5340,375,0,0,0,0,0,0,0,0,0,0,0,0,0,0,0,0,5342,20220819
20220819,TA301,,,5338,5422,5324,1087325,5306,5370,5306,407613,2177468646,1100034,0,0,5748,5096,0,0,08/19/2022 21:59:43,0,5338,338,5340,374,0,0,0,0,0,0,0,0,0,0,0,0,0,0,0,0,5342,20220819
20220819,TA301,,,5340,5422,5324,1087325,5306,5370,5306,407623,2177522066,1100035,0,0,5748,5096,0,0,08/19/2022 21:59:44,0,5338,330,5340,368,0,0,0,0,0,0,0,0,0,0,0,0,0,0,0,0,5342,20220819
20220819,TA301,,,5338,5422,5324,1087325,5306,5370,5306,407640,2177612880,1100036,0,0,5748,5096,0,0,08/19/2022 21:59:45,0,5338,323,5340,358,0,0,0,0,0,0,0,0,0,0,0,0,0,0,0,0,5342,20220819
20220819,TA301,,,5338,5422,5324,1087325,5306,5370,5306,407658,2177709036,1100054,0,0,5748,5096,0,0,08/19/2022 21:59:45,0,5338,306,5340,357,0,0,0,0,0,0,0,0,0,0,0,0,0,0,0,0,5342,20220819
20220819,TA301,,,5338,5422,5324,1087325,5306,5370,5306,407659,2177714378,1100055,0,0,5748,5096,0,0,08/19/2022 21:59:46,0,5338,306,5340,359,0,0,0,0,0,0,0,0,0,0,0,0,0,0,0,0,5342,20220819
20220819,TA301,,,5338,5422,5324,1087325,5306,5370,5306,407676,2177805192,1100065,0,0,5748,5096,0,0,08/19/2022 21:59:46,0,5338,290,5340,358,0,0,0,0,0,0,0,0,0,0,0,0,0,0,0,0,5342,20220819
20220819,TA301,,,5338,5422,5324,1087325,5306,5370,5306,407676,2177805192,1100065,0,0,5748,5096,0,0,08/19/2022 21:59:46,0,5338,290,5340,352,0,0,0,0,0,0,0,0,0,0,0,0,0,0,0,0,5342,20220819
20220819,TA301,,,5338,5422,5324,1087325,5306,5370,5306,407676,2177805192,1100065,0,0,5748,5096,0,0,08/19/2022 21:59:47,0,5338,290,5340,353,0,0,0,0,0,0,0,0,0,0,0,0,0,0,0,0,5342,20220819
20220819,TA301,,,5340,5422,5324,1087325,5306,5370,5306,407688,2177869296,1100076,0,0,5748,5096,0,0,08/19/2022 21:59:48,0,5338,291,5340,354,0,0,0,0,0,0,0,0,0,0,0,0,0,0,0,0,5342,20220819
20220819,TA301,,,5338,5422,5324,1087325,5306,5370,5306,407693,2177896006,1100077,0,0,5748,5096,0,0,08/19/2022 21:59:48,0,5338,288,5340,356,0,0,0,0,0,0,0,0,0,0,0,0,0,0,0,0,5342,20220819
20220819,TA301,,,5338,5422,5324,1087325,5306,5370,5306,407694,2177901348,1100077,0,0,5748,5096,0,0,08/19/2022 21:59:49,0,5338,287,5340,377,0,0,0,0,0,0,0,0,0,0,0,0,0,0,0,0,5342,20220819
20220819,TA301,,,5340,5422,5324,1087325,5306,5370,5306,407695,2177906690,1100078,0,0,5748,5096,0,0,08/19/2022 21:59:49,0,5338,287,5340,380,0,0,0,0,0,0,0,0,0,0,0,0,0,0,0,0,5342,20220819
20220819,TA301,,,5338,5422,5324,1087325,5306,5370,5306,407698,2177922716,1100078,0,0,5748,5096,0,0,08/19/2022 21:59:50,0,5338,284,5340,405,0,0,0,0,0,0,0,0,0,0,0,0,0,0,0,0,5342,20220819
20220819,TA301,,,5340,5422,5324,1087325,5306,5370,5306,407699,2177928058,1100079,0,0,5748,5096,0,0,08/19/2022 21:59:51,0,5338,286,5340,404,0,0,0,0,0,0,0,0,0,0,0,0,0,0,0,0,5342,20220819
20220819,TA301,,,5340,5422,5324,1087325,5306,5370,5306,407702,2177944084,1100079,0,0,5748,5096,0,0,08/19/2022 21:59:51,0,5338,285,5340,401,0,0,0,0,0,0,0,0,0,0,0,0,0,0,0,0,5342,20220819
20220819,TA301,,,5338,5422,5324,1087325,5306,5370,5306,407713,2178002846,1100081,0,0,5748,5096,0,0,08/19/2022 21:59:52,0,5338,282,5340,395,0,0,0,0,0,0,0,0,0,0,0,0,0,0,0,0,5342,20220819
20220819,TA301,,,5338,5422,5324,1087325,5306,5370,5306,407717,2178024214,1100085,0,0,5748,5096,0,0,08/19/2022 21:59:52,0,5338,278,5340,397,0,0,0,0,0,0,0,0,0,0,0,0,0,0,0,0,5342,20220819
20220819,TA301,,,5340,5422,5324,1087325,5306,5370,5306,407718,2178029556,1100086,0,0,5748,5096,0,0,08/19/2022 21:59:53,0,5338,278,5340,418,0,0,0,0,0,0,0,0,0,0,0,0,0,0,0,0,5342,20220819
20220819,TA301,,,5340,5422,5324,1087325,5306,5370,5306,407719,2178034898,1100087,0,0,5748,5096,0,0,08/19/2022 21:59:53,0,5338,278,5340,417,0,0,0,0,0,0,0,0,0,0,0,0,0,0,0,0,5342,20220819
20220819,TA301,,,5340,5422,5324,1087325,5306,5370,5306,407725,2178066950,1100087,0,0,5748,5096,0,0,08/19/2022 21:59:54,0,5338,278,5340,427,0,0,0,0,0,0,0,0,0,0,0,0,0,0,0,0,5342,20220819
20220819,TA301,,,5338,5422,5324,1087325,5306,5370,5306,407728,2178082976,1100088,0,0,5748,5096,0,0,08/19/2022 21:59:55,0,5338,276,5340,430,0,0,0,0,0,0,0,0,0,0,0,0,0,0,0,0,5342,20220819
20220819,TA301,,,5340,5422,5324,1087325,5306,5370,5306,407729,2178088318,1100089,0,0,5748,5096,0,0,08/19/2022 21:59:55,0,5338,276,5340,432,0,0,0,0,0,0,0,0,0,0,0,0,0,0,0,0,5342,20220819
20220819,TA301,,,5338,5422,5324,1087325,5306,5370,5306,407731,2178099002,1100090,0,0,5748,5096,0,0,08/19/2022 21:59:55,0,5338,275,5340,431,0,0,0,0,0,0,0,0,0,0,0,0,0,0,0,0,5342,20220819
20220819,TA301,,,5340,5422,5324,1087325,5306,5370,5306,407733,2178109686,1100090,0,0,5748,5096,0,0,08/19/2022 21:59:56,0,5338,276,5340,429,0,0,0,0,0,0,0,0,0,0,0,0,0,0,0,0,5342,20220819
20220819,TA301,,,5340,5422,5324,1087325,5306,5370,5306,407733,2178109686,1100090,0,0,5748,5096,0,0,08/19/2022 21:59:57,0,5338,276,5340,432,0,0,0,0,0,0,0,0,0,0,0,0,0,0,0,0,5342,20220819
20220819,TA301,,,5340,5422,5324,1087325,5306,5370,5306,407741,2178152422,1100092,0,0,5748,5096,0,0,08/19/2022 21:59:57,0,5338,271,5340,429,0,0,0,0,0,0,0,0,0,0,0,0,0,0,0,0,5342,20220819
20220819,TA301,,,5338,5422,5324,1087325,5306,5370,5306,407744,2178168448,1100092,0,0,5748,5096,0,0,08/19/2022 21:59:58,0,5338,269,5340,430,0,0,0,0,0,0,0,0,0,0,0,0,0,0,0,0,5342,20220819
20220819,TA301,,,5338,5422,5324,1087325,5306,5370,5306,407744,2178168448,1100092,0,0,5748,5096,0,0,08/19/2022 21:59:58,0,5338,280,5340,430,0,0,0,0,0,0,0,0,0,0,0,0,0,0,0,0,5342,20220819
20220819,TA301,,,5338,5422,5324,1087325,5306,5370,5306,407744,2178168448,1100092,0,0,5748,5096,0,0,08/19/2022 21:59:59,0,5338,283,5340,420,0,0,0,0,0,0,0,0,0,0,0,0,0,0,0,0,5342,20220819
20220819,TA301,,,5338,5422,5324,1087325,5306,5370,5306,407744,2178168448,1100092,0,0,5748,5096,0,0,08/19/2022 21:59:59,0,5338,291,5340,424,0,0,0,0,0,0,0,0,0,0,0,0,0,0,0,0,5342,20220819
20220819,TA301,,,5340,5422,5324,1087325,5306,5370,5306,407745,2178173790,1100092,0,0,5748,5096,0,0,08/19/2022 22:00:00,0,5338,292,5340,402,0,0,0,0,0,0,0,0,0,0,0,0,0,0,0,0,5342,20220819
20220819,TA301,,,5338,5422,5324,1087325,5306,5370,5306,407760,2178253920,1100093,0,0,5748,5096,0,0,08/19/2022 22:00:00,0,5338,289,5340,411,0,0,0,0,0,0,0,0,0,0,0,0,0,0,0,0,5342,20220819
20220819,TA301,,,5338,5422,5324,1087325,5306,5370,5306,407763,2178269946,1100093,0,0,5748,5096,0,0,08/19/2022 22:00:01,0,5338,322,5340,419,0,0,0,0,0,0,0,0,0,0,0,0,0,0,0,0,5342,20220819
20220819,TA301,,,5338,5422,5324,1087325,5306,5370,5306,407819,2178569098,1100120,0,0,5748,5096,0,0,08/19/2022 22:00:01,0,5338,298,5340,396,0,0,0,0,0,0,0,0,0,0,0,0,0,0,0,0,5342,20220819
20220819,TA301,,,5340,5422,5324,1087325,5306,5370,5306,407835,2178654570,1100110,0,0,5748,5096,0,0,08/19/2022 22:00:02,0,5338,298,5340,394,0,0,0,0,0,0,0,0,0,0,0,0,0,0,0,0,5342,20220819
20220819,TA301,,,5340,5422,5324,1087325,5306,5370,5306,407860,2178788120,1100121,0,0,5748,5096,0,0,08/19/2022 22:00:02,0,5338,314,5340,426,0,0,0,0,0,0,0,0,0,0,0,0,0,0,0,0,5342,20220819
20220819,TA301,,,5340,5422,5324,1087325,5306,5370,5306,407863,2178804146,1100122,0,0,5748,5096,0,0,08/19/2022 22:00:03,0,5338,315,5340,431,0,0,0,0,0,0,0,0,0,0,0,0,0,0,0,0,5342,20220819
20220819,TA301,,,5338,5422,5324,1087325,5306,5370,5306,407866,2178820172,1100123,0,0,5748,5096,0,0,08/19/2022 22:00:03,0,5338,312,5340,460,0,0,0,0,0,0,0,0,0,0,0,0,0,0,0,0,5342,20220819
20220819,TA301,,,5340,5422,5324,1087325,5306,5370,5306,407870,2178841540,1100122,0,0,5748,5096,0,0,08/19/2022 22:00:04,0,5338,311,5340,468,0,0,0,0,0,0,0,0,0,0,0,0,0,0,0,0,5342,20220819
20220819,TA301,,,5340,5422,5324,1087325,5306,5370,5306,407871,2178846882,1100121,0,0,5748,5096,0,0,08/19/2022 22:00:04,0,5338,311,5340,469,0,0,0,0,0,0,0,0,0,0,0,0,0,0,0,0,5342,20220819
20220819,TA301,,,5340,5422,5324,1087325,5306,5370,5306,407872,2178852224,1100121,0,0,5748,5096,0,0,08/19/2022 22:00:05,0,5338,311,5340,491,0,0,0,0,0,0,0,0,0,0,0,0,0,0,0,0,5342,20220819
20220819,TA301,,,5340,5422,5324,1087325,5306,5370,5306,407922,2179119324,1100141,0,0,5748,5096,0,0,08/19/2022 22:00:05,0,5338,286,5340,454,0,0,0,0,0,0,0,0,0,0,0,0,0,0,0,0,5342,20220819
20220819,TA301,,,5340,5422,5324,1087325,5306,5370,5306,407922,2179119324,1100141,0,0,5748,5096,0,0,08/19/2022 22:00:06,0,5338,287,5340,454,0,0,0,0,0,0,0,0,0,0,0,0,0,0,0,0,5342,20220819
20220819,TA301,,,5338,5422,5324,1087325,5306,5370,5306,408214,2180679188,1100003,0,0,5748,5096,0,0,08/19/2022 22:00:06,0,5336,499,5338,427,0,0,0,0,0,0,0,0,0,0,0,0,0,0,0,0,5342,20220819
20220819,TA301,,,5338,5422,5324,1087325,5306,5370,5306,408214,2180679188,1100003,0,0,5748,5096,0,0,08/19/2022 22:00:07,0,5336,435,5338,539,0,0,0,0,0,0,0,0,0,0,0,0,0,0,0,0,5342,20220819
20220819,TA301,,,5338,5422,5324,1087325,5306,5370,5306,408217,2180695214,1100002,0,0,5748,5096,0,0,08/19/2022 22:00:07,0,5336,405,5338,538,0,0,0,0,0,0,0,0,0,0,0,0,0,0,0,0,5342,20220819
20220819,TA301,,,5336,5422,5324,1087325,5306,5370,5306,408219,2180705898,1100001,0,0,5748,5096,0,0,08/19/2022 22:00:08,0,5336,391,5338,537,0,0,0,0,0,0,0,0,0,0,0,0,0,0,0,0,5342,20220819
20220819,TA301,,,5338,5422,5324,1087325,5306,5370,5306,408221,2180716582,1100001,0,0,5748,5096,0,0,08/19/2022 22:00:08,0,5336,394,5338,538,0,0,0,0,0,0,0,0,0,0,0,0,0,0,0,0,5342,20220819
20220819,TA301,,,5336,5422,5324,1087325,5306,5370,5306,408223,2180727266,1100000,0,0,5748,5096,0,0,08/19/2022 22:00:09,0,5336,393,5338,537,0,0,0,0,0,0,0,0,0,0,0,0,0,0,0,0,5342,20220819
20220819,TA301,,,5338,5422,5324,1087325,5306,5370,5306,408224,2180732608,1099999,0,0,5748,5096,0,0,08/19/2022 22:00:09,0,5336,397,5338,539,0,0,0,0,0,0,0,0,0,0,0,0,0,0,0,0,5342,20220819
20220819,TA301,,,5336,5422,5324,1087325,5306,5370,5306,408230,2180764660,1099997,0,0,5748,5096,0,0,08/19/2022 22:00:10,0,5336,407,5338,537,0,0,0,0,0,0,0,0,0,0,0,0,0,0,0,0,5342,20220819
20220819,TA301,,,5338,5422,5324,1087325,5306,5370,5306,408272,2180989024,1099966,0,0,5748,5096,0,0,08/19/2022 22:00:10,0,5336,350,5338,543,0,0,0,0,0,0,0,0,0,0,0,0,0,0,0,0,5342,20220819
20220819,TA301,,,5338,5422,5324,1087325,5306,5370,5306,408272,2180989024,1099966,0,0,5748,5096,0,0,08/19/2022 22:00:11,0,5336,350,5338,522,0,0,0,0,0,0,0,0,0,0,0,0,0,0,0,0,5342,20220819
20220819,TA301,,,5336,5422,5324,1087325,5306,5370,5306,408275,2181005050,1099967,0,0,5748,5096,0,0,08/19/2022 22:00:11,0,5336,347,5338,552,0,0,0,0,0,0,0,0,0,0,0,0,0,0,0,0,5342,20220819
20220819,TA301,,,5336,5422,5324,1087325,5306,5370,5306,408624,2182869408,1100278,0,0,5748,5096,0,0,08/19/2022 22:00:12,0,5334,417,5336,134,0,0,0,0,0,0,0,0,0,0,0,0,0,0,0,0,5342,20220819
20220819,TA301,,,5336,5422,5324,1087325,5306,5370,5306,408628,2182890776,1100274,0,0,5748,5096,0,0,08/19/2022 22:00:12,0,5334,178,5336,399,0,0,0,0,0,0,0,0,0,0,0,0,0,0,0,0,5342,20220819
20220819,TA301,,,5336,5422,5324,1087325,5306,5370,5306,408668,2183104456,1100234,0,0,5748,5096,0,0,08/19/2022 22:00:13,0,5334,131,5336,450,0,0,0,0,0,0,0,0,0,0,0,0,0,0,0,0,5342,20220819
20220819,TA301,,,5336,5422,5324,1087325,5306,5370,5306,408673,2183131166,1100235,0,0,5748,5096,0,0,08/19/2022 22:00:13,0,5334,170,5336,434,0,0,0,0,0,0,0,0,0,0,0,0,0,0,0,0,5342,20220819
20220819,TA301,,,5336,5422,5324,1087325,5306,5370,5306,408674,2183136508,1100235,0,0,5748,5096,0,0,08/19/2022 22:00:14,0,5334,172,5336,436,0,0,0,0,0,0,0,0,0,0,0,0,0,0,0,0,5342,20220819
20220819,TA301,,,5336,5422,5324,1087325,5306,5370,5306,408695,2183248690,1100242,0,0,5748,5096,0,0,08/19/2022 22:00:14,0,5334,175,5336,350,0,0,0,0,0,0,0,0,0,0,0,0,0,0,0,0,5342,20220819
20220819,TA301,,,5338,5422,5324,1087325,5306,5370,5306,409055,2185171810,1100288,0,0,5748,5096,0,0,08/19/2022 22:00:15,0,5336,194,5338,215,0,0,0,0,0,0,0,0,0,0,0,0,0,0,0,0,5342,20220819
20220819,TA301,,,5336,5422,5324,1087325,5306,5370,5306,409076,2185283992,1100284,0,0,5748,5096,0,0,08/19/2022 22:00:15,0,5336,694,5338,177,0,0,0,0,0,0,0,0,0,0,0,0,0,0,0,0,5342,20220819
20220819,TA301,,,5340,5422,5324,1087325,5306,5370,5306,409258,2186256236,1100277,0,0,5748,5096,0,0,08/19/2022 22:00:16,0,5338,166,5340,389,0,0,0,0,0,0,0,0,0,0,0,0,0,0,0,0,5342,20220819
20220819,TA301,,,5336,5422,5324,1087325,5306,5370,5306,419081,2238730702,1101463,0,0,5748,5096,0,0,08/19/2022 22:03:55,0,5334,152,5336,148,0,0,0,0,0,0,0,0,0,0,0,0,0,0,0,0,5342,20220819
20220819,TA301,,,5336,5422,5324,1087325,5306,5370,5306,419081,2238730702,1101463,0,0,5748,5096,0,0,08/19/2022 22:03:55,0,5334,111,5336,148,0,0,0,0,0,0,0,0,0,0,0,0,0,0,0,0,5342,20220819
20220819,TA301,,,5336,5422,5324,1087325,5306,5370,5306,419082,2238736044,1101463,0,0,5748,5096,0,0,08/19/2022 22:03:56,0,5334,85,5336,147,0,0,0,0,0,0,0,0,0,0,0,0,0,0,0,0,5342,20220819
20220819,TA301,,,5334,5422,5324,1087325,5306,5370,5306,419153,2239115326,1101451,0,0,5748,5096,0,0,08/19/2022 22:03:56,0,5334,1,5336,148,0,0,0,0,0,0,0,0,0,0,0,0,0,0,0,0,5342,20220819
20220819,TA301,,,5334,5422,5324,1087325,5306,5370,5306,419198,2239355716,1101444,0,0,5748,5096,0,0,08/19/2022 22:03:57,0,5332,284,5334,3,0,0,0,0,0,0,0,0,0,0,0,0,0,0,0,0,5342,20220819
20220819,TA301,,,5334,5422,5324,1087325,5306,5370,5306,419206,2239398452,1101445,0,0,5748,5096,0,0,08/19/2022 22:03:57,0,5334,22,5336,169,0,0,0,0,0,0,0,0,0,0,0,0,0,0,0,0,5342,20220819
20220819,TA301,,,5336,5422,5324,1087325,5306,5370,5306,419207,2239403794,1101446,0,0,5748,5096,0,0,08/19/2022 22:03:58,0,5334,64,5336,166,0,0,0,0,0,0,0,0,0,0,0,0,0,0,0,0,5342,20220819
20220819,TA301,,,5336,5422,5324,1087325,5306,5370,5306,419208,2239409136,1101447,0,0,5748,5096,0,0,08/19/2022 22:03:58,0,5334,88,5336,169,0,0,0,0,0,0,0,0,0,0,0,0,0,0,0,0,5342,20220819
20220819,TA301,,,5336,5422,5324,1087325,5306,5370,5306,419208,2239409136,1101447,0,0,5748,5096,0,0,08/19/2022 22:03:59,0,5334,92,5336,163,0,0,0,0,0,0,0,0,0,0,0,0,0,0,0,0,5342,20220819
20220819,TA301,,,5336,5422,5324,1087325,5306,5370,5306,419238,2239569396,1101457,0,0,5748,5096,0,0,08/19/2022 22:03:59,0,5334,107,5336,116,0,0,0,0,0,0,0,0,0,0,0,0,0,0,0,0,5342,20220819
20220819,TA301,,,5336,5422,5324,1087325,5306,5370,5306,419238,2239569396,1101457,0,0,5748,5096,0,0,08/19/2022 22:04:00,0,5334,107,5336,145,0,0,0,0,0,0,0,0,0,0,0,0,0,0,0,0,5342,20220819
20220819,TA301,,,5334,5422,5324,1087325,5306,5370,5306,419245,2239606790,1101460,0,0,5748,5096,0,0,08/19/2022 22:04:00,0,5334,105,5336,154,0,0,0,0,0,0,0,0,0,0,0,0,0,0,0,0,5342,20220819
20220819,TA301,,,5336,5422,5324,1087325,5306,5370,5306,419248,2239622816,1101459,0,0,5748,5096,0,0,08/19/2022 22:04:01,0,5334,138,5336,152,0,0,0,0,0,0,0,0,0,0,0,0,0,0,0,0,5342,20220819
20220819,TA301,,,5336,5422,5324,1087325,5306,5370,5306,419250,2239633500,1101460,0,0,5748,5096,0,0,08/19/2022 22:04:01,0,5334,141,5336,142,0,0,0,0,0,0,0,0,0,0,0,0,0,0,0,0,5342,20220819
20220819,TA301,,,5334,5422,5324,1087325,5306,5370,5306,419351,2240173042,1101551,0,0,5748,5096,0,0,08/19/2022 22:04:02,0,5334,51,5336,143,0,0,0,0,0,0,0,0,0,0,0,0,0,0,0,0,5342,20220819
20220819,TA301,,,5336,5422,5324,1087325,5306,5370,5306,419366,2240253172,1101541,0,0,5748,5096,0,0,08/19/2022 22:04:02,0,5334,78,5336,163,0,0,0,0,0,0,0,0,0,0,0,0,0,0,0,0,5342,20220819
20220819,TA301,,,5334,5422,5324,1087325,5306,5370,5306,419398,2240424116,1101532,0,0,5748,5096,0,0,08/19/2022 22:04:03,0,5334,88,5336,138,0,0,0,0,0,0,0,0,0,0,0,0,0,0,0,0,5342,20220819
20220819,TA301,,,5336,5422,5324,1087325,5306,5370,5306,419399,2240429458,1101532,0,0,5748,5096,0,0,08/19/2022 22:04:03,0,5334,90,5336,157,0,0,0,0,0,0,0,0,0,0,0,0,0,0,0,0,5342,20220819
20220819,TA301,,,5336,5422,5324,1087325,5306,5370,5306,419399,2240429458,1101532,0,0,5748,5096,0,0,08/19/2022 22:04:04,0,5334,80,5336,157,0,0,0,0,0,0,0,0,0,0,0,0,0,0,0,0,5342,20220819
20220819,TA301,,,5336,5422,5324,1087325,5306,5370,5306,419399,2240429458,1101532,0,0,5748,5096,0,0,08/19/2022 22:04:04,0,5334,84,5336,160,0,0,0,0,0,0,0,0,0,0,0,0,0,0,0,0,5342,20220819
20220819,TA301,,,5336,5422,5324,1087325,5306,5370,5306,419515,2241049130,1101572,0,0,5748,5096,0,0,08/19/2022 22:04:05,0,5336,92,5338,494,0,0,0,0,0,0,0,0,0,0,0,0,0,0,0,0,5342,20220819
20220819,TA301,,,5336,5422,5324,1087325,5306,5370,5306,419516,2241054472,1101573,0,0,5748,5096,0,0,08/19/2022 22:04:05,0,5336,137,5338,491,0,0,0,0,0,0,0,0,0,0,0,0,0,0,0,0,5342,20220819
20220819,TA301,,,5336,5422,5324,1087325,5306,5370,5306,419519,2241070498,1101574,0,0,5748,5096,0,0,08/19/2022 22:04:06,0,5336,159,5338,483,0,0,0,0,0,0,0,0,0,0,0,0,0,0,0,0,5342,20220819
20220819,TA301,,,5336,5422,5324,1087325,5306,5370,5306,419535,2241155970,1101581,0,0,5748,5096,0,0,08/19/2022 22:04:06,0,5336,145,5338,483,0,0,0,0,0,0,0,0,0,0,0,0,0,0,0,0,5342,20220819
20220819,TA301,,,5338,5422,5324,1087325,5306,5370,5306,419595,2241476490,1101590,0,0,5748,5096,0,0,08/19/2022 22:04:07,0,5336,85,5338,439,0,0,0,0,0,0,0,0,0,0,0,0,0,0,0,0,5342,20220819
20220819,TA301,,,5338,5422,5324,1087325,5306,5370,5306,419596,2241481832,1101589,0,0,5748,5096,0,0,08/19/2022 22:04:07,0,5336,86,5338,439,0,0,0,0,0,0,0,0,0,0,0,0,0,0,0,0,5342,20220819
20220819,TA301,,,5338,5422,5324,1087325,5306,5370,5306,419596,2241481832,1101589,0,0,5748,5096,0,0,08/19/2022 22:04:08,0,5336,90,5338,444,0,0,0,0,0,0,0,0,0,0,0,0,0,0,0,0,5342,20220819
20220819,TA301,,,5336,5422,5324,1087325,5306,5370,5306,419599,2241497858,1101592,0,0,5748,5096,0,0,08/19/2022 22:04:08,0,5336,91,5338,445,0,0,0,0,0,0,0,0,0,0,0,0,0,0,0,0,5342,20220819
20220819,TA301,,,5338,5422,5324,1087325,5306,5370,5306,419600,2241503200,1101591,0,0,5748,5096,0,0,08/19/2022 22:04:09,0,5336,92,5338,444,0,0,0,0,0,0,0,0,0,0,0,0,0,0,0,0,5342,20220819
20220819,TA301,,,5336,5422,5324,1087325,5306,5370,5306,419604,2241524568,1101593,0,0,5748,5096,0,0,08/19/2022 22:04:09,0,5336,97,5338,443,0,0,0,0,0,0,0,0,0,0,0,0,0,0,0,0,5342,20220819
20220819,TA301,,,5336,5422,5324,1087325,5306,5370,5306,419604,2241524568,1101593,0,0,5748,5096,0,0,08/19/2022 22:04:10,0,5336,99,5338,443,0,0,0,0,0,0,0,0,0,0,0,0,0,0,0,0,5342,20220819
20220819,TA301,,,5336,5422,5324,1087325,5306,5370,5306,419604,2241524568,1101593,0,0,5748,5096,0,0,08/19/2022 22:04:10,0,5336,93,5338,443,0,0,0,0,0,0,0,0,0,0,0,0,0,0,0,0,5342,20220819
20220819,TA301,,,5338,5422,5324,1087325,5306,5370,5306,419609,2241551278,1101588,0,0,5748,5096,0,0,08/19/2022 22:04:11,0,5336,96,5338,438,0,0,0,0,0,0,0,0,0,0,0,0,0,0,0,0,5342,20220819
20220819,TA301,,,5338,5422,5324,1087325,5306,5370,5306,419609,2241551278,1101588,0,0,5748,5096,0,0,08/19/2022 22:04:11,0,5336,150,5338,438,0,0,0,0,0,0,0,0,0,0,0,0,0,0,0,0,5342,20220819
20220819,TA301,,,5338,5422,5324,1087325,5306,5370,5306,419610,2241556620,1101588,0,0,5748,5096,0,0,08/19/2022 22:04:12,0,5336,148,5338,447,0,0,0,0,0,0,0,0,0,0,0,0,0,0,0,0,5342,20220819
20220819,TA301,,,5338,5422,5324,1087325,5306,5370,5306,419611,2241561962,1101588,0,0,5748,5096,0,0,08/19/2022 22:04:12,0,5336,147,5338,444,0,0,0,0,0,0,0,0,0,0,0,0,0,0,0,0,5342,20220819
20220819,TA301,,,5338,5422,5324,1087325,5306,5370,5306,419714,2242112188,1101586,0,0,5748,5096,0,0,08/19/2022 22:04:13,0,5336,153,5338,341,0,0,0,0,0,0,0,0,0,0,0,0,0,0,0,0,5342,20220819
20220819,TA301,,,5336,5422,5324,1087325,5306,5370,5306,419716,2242122872,1101587,0,0,5748,5096,0,0,08/19/2022 22:04:13,0,5336,161,5338,384,0,0,0,0,0,0,0,0,0,0,0,0,0,0,0,0,5342,20220819
20220819,TA301,,,5336,5422,5324,1087325,5306,5370,5306,419752,2242315184,1101585,0,0,5748,5096,0,0,08/19/2022 22:04:14,0,5336,160,5338,354,0,0,0,0,0,0,0,0,0,0,0,0,0,0,0,0,5342,20220819
20220819,TA301,,,5336,5422,5324,1087325,5306,5370,5306,419752,2242315184,1101585,0,0,5748,5096,0,0,08/19/2022 22:04:14,0,5336,160,5338,363,0,0,0,0,0,0,0,0,0,0,0,0,0,0,0,0,5342,20220819
20220819,TA301,,,5338,5422,5324,1087325,5306,5370,5306,419753,2242320526,1101585,0,0,5748,5096,0,0,08/19/2022 22:04:15,0,5336,168,5338,361,0,0,0,0,0,0,0,0,0,0,0,0,0,0,0,0,5342,20220819
20220819,TA301,,,5338,5422,5324,1087325,5306,5370,5306,419763,2242373946,1101585,0,0,5748,5096,0,0,08/19/2022 22:04:15,0,5336,169,5338,347,0,0,0,0,0,0,0,0,0,0,0,0,0,0,0,0,5342,20220819
20220819,TA301,,,5338,5422,5324,1087325,5306,5370,5306,419763,2242373946,1101585,0,0,5748,5096,0,0,08/19/2022 22:04:16,0,5336,170,5338,347,0,0,0,0,0,0,0,0,0,0,0,0,0,0,0,0,5342,20220819
20220819,TA301,,,5338,5422,5324,1087325,5306,5370,5306,419771,2242416682,1101587,0,0,5748,5096,0,0,08/19/2022 22:04:16,0,5336,192,5338,355,0,0,0,0,0,0,0,0,0,0,0,0,0,0,0,0,5342,20220819
20220819,TA301,,,5338,5422,5324,1087325,5306,5370,5306,419775,2242438050,1101587,0,0,5748,5096,0,0,08/19/2022 22:04:17,0,5336,193,5338,385,0,0,0,0,0,0,0,0,0,0,0,0,0,0,0,0,5342,20220819
20220819,TA301,,,5346,5422,5324,1087325,5306,5370,5306,440072,2350864624,1100013,0,0,5748,5096,0,0,08/19/2022 22:09:51,0,5346,351,5348,272,0,0,0,0,0,0,0,0,0,0,0,0,0,0,0,0,5342,20220819
20220819,TA301,,,5346,5422,5324,1087325,5306,5370,5306,440084,2350928728,1100014,0,0,5748,5096,0,0,08/19/2022 22:09:51,0,5346,334,5348,301,0,0,0,0,0,0,0,0,0,0,0,0,0,0,0,0,5342,20220819
20220819,TA301,,,5346,5422,5324,1087325,5306,5370,5306,440345,2352322990,1100195,0,0,5748,5096,0,0,08/19/2022 22:09:52,0,5346,66,5348,315,0,0,0,0,0,0,0,0,0,0,0,0,0,0,0,0,5342,20220819
20220819,TA301,,,5344,5422,5324,1087325,5306,5370,5306,440429,2352771718,1100170,0,0,5748,5096,0,0,08/19/2022 22:09:53,0,5344,242,5346,246,0,0,0,0,0,0,0,0,0,0,0,0,0,0,0,0,5342,20220819
20220819,TA301,,,5346,5422,5324,1087325,5306,5370,5306,440712,2354283504,1100301,0,0,5748,5096,0,0,08/19/2022 22:09:53,0,5346,103,5348,276,0,0,0,0,0,0,0,0,0,0,0,0,0,0,0,0,5342,20220819
20220819,TA301,,,5346,5422,5324,1087325,5306,5370,5306,440843,2354983306,1100249,0,0,5748,5096,0,0,08/19/2022 22:09:54,0,5344,220,5346,64,0,0,0,0,0,0,0,0,0,0,0,0,0,0,0,0,5342,20220819
20220819,TA301,,,5344,5422,5324,1087325,5306,5370,5306,440856,2355052752,1100249,0,0,5748,5096,0,0,08/19/2022 22:09:54,0,5344,230,5346,123,0,0,0,0,0,0,0,0,0,0,0,0,0,0,0,0,5342,20220819
20220819,TA301,,,5344,5422,5324,1087325,5306,5370,5306,440874,2355148908,1100247,0,0,5748,5096,0,0,08/19/2022 22:09:55,0,5344,221,5346,132,0,0,0,0,0,0,0,0,0,0,0,0,0,0,0,0,5342,20220819
20220819,TA301,,,5344,5422,5324,1087325,5306,5370,5306,440881,2355186302,1100250,0,0,5748,5096,0,0,08/19/2022 22:09:55,0,5344,224,5346,140,0,0,0,0,0,0,0,0,0,0,0,0,0,0,0,0,5342,20220819
20220819,TA301,,,5346,5422,5324,1087325,5306,5370,5306,440884,2355202328,1100248,0,0,5748,5096,0,0,08/19/2022 22:09:56,0,5344,218,5346,139,0,0,0,0,0,0,0,0,0,0,0,0,0,0,0,0,5342,20220819
20220819,TA301,,,5346,5422,5324,1087325,5306,5370,5306,440886,2355213012,1100246,0,0,5748,5096,0,0,08/19/2022 22:09:56,0,5344,219,5346,146,0,0,0,0,0,0,0,0,0,0,0,0,0,0,0,0,5342,20220819
20220819,TA301,,,5346,5422,5324,1087325,5306,5370,5306,440890,2355234380,1100242,0,0,5748,5096,0,0,08/19/2022 22:09:57,0,5344,226,5346,107,0,0,0,0,0,0,0,0,0,0,0,0,0,0,0,0,5342,20220819
20220819,TA301,,,5344,5422,5324,1087325,5306,5370,5306,440911,2355346562,1100228,0,0,5748,5096,0,0,08/19/2022 22:09:57,0,5344,218,5346,114,0,0,0,0,0,0,0,0,0,0,0,0,0,0,0,0,5342,20220819
20220819,TA301,,,5344,5422,5324,1087325,5306,5370,5306,440937,2355485454,1100210,0,0,5748,5096,0,0,08/19/2022 22:09:57,0,5344,227,5346,91,0,0,0,0,0,0,0,0,0,0,0,0,0,0,0,0,5342,20220819
20220819,TA301,,,5344,5422,5324,1087325,5306,5370,5306,440940,2355501480,1100207,0,0,5748,5096,0,0,08/19/2022 22:09:58,0,5344,229,5346,96,0,0,0,0,0,0,0,0,0,0,0,0,0,0,0,0,5342,20220819
20220819,TA301,,,5346,5422,5324,1087325,5306,5370,5306,440962,2355619004,1100213,0,0,5748,5096,0,0,08/19/2022 22:09:58,0,5344,225,5346,201,0,0,0,0,0,0,0,0,0,0,0,0,0,0,0,0,5342,20220819
20220819,TA301,,,5344,5422,5324,1087325,5306,5370,5306,440970,2355661740,1100206,0,0,5748,5096,0,0,08/19/2022 22:09:59,0,5344,168,5346,206,0,0,0,0,0,0,0,0,0,0,0,0,0,0,0,0,5342,20220819
20220819,TA301,,,5344,5422,5324,1087325,5306,5370,5306,440977,2355699134,1100205,0,0,5748,5096,0,0,08/19/2022 22:10:00,0,5344,155,5346,203,0,0,0,0,0,0,0,0,0,0,0,0,0,0,0,0,5342,20220819
20220819,TA301,,,5344,5422,5324,1087325,5306,5370,5306,440987,2355752554,1100204,0,0,5748,5096,0,0,08/19/2022 22:10:00,0,5344,158,5346,218,0,0,0,0,0,0,0,0,0,0,0,0,0,0,0,0,5342,20220819
20220819,TA301,,,5344,5422,5324,1087325,5306,5370,5306,440999,2355816658,1100206,0,0,5748,5096,0,0,08/19/2022 22:10:01,0,5344,228,5346,221,0,0,0,0,0,0,0,0,0,0,0,0,0,0,0,0,5342,20220819
20220819,TA301,,,5346,5422,5324,1087325,5306,5370,5306,441182,2356794244,1100110,0,0,5748,5096,0,0,08/19/2022 22:10:01,0,5346,159,5348,328,0,0,0,0,0,0,0,0,0,0,0,0,0,0,0,0,5342,20220819
20220819,TA301,,,5346,5422,5324,1087325,5306,5370,5306,441191,2356842322,1100116,0,0,5748,5096,0,0,08/19/2022 22:10:01,0,5346,175,5348,281,0,0,0,0,0,0,0,0,0,0,0,0,0,0,0,0,5342,20220819
20220819,TA301,,,5346,5422,5324,1087325,5306,5370,5306,441196,2356869032,1100116,0,0,5748,5096,0,0,08/19/2022 22:10:02,0,5346,184,5348,400,0,0,0,0,0,0,0,0,0,0,0,0,0,0,0,0,5342,20220819
20220819,TA301,,,5346,5422,5324,1087325,5306,5370,5306,441385,2357878670,1100068,0,0,5748,5096,0,0,08/19/2022 22:10:03,0,5344,235,5346,153,0,0,0,0,0,0,0,0,0,0,0,0,0,0,0,0,5342,20220819
20220819,TA301,,,5346,5422,5324,1087325,5306,5370,5306,441390,2357905380,1100071,0,0,5748,5096,0,0,08/19/2022 22:10:03,0,5344,286,5346,252,0,0,0,0,0,0,0,0,0,0,0,0,0,0,0,0,5342,20220819
20220819,TA301,,,5344,5422,5324,1087325,5306,5370,5306,441397,2357942774,1100075,0,0,5748,5096,0,0,08/19/2022 22:10:04,0,5344,285,5346,248,0,0,0,0,0,0,0,0,0,0,0,0,0,0,0,0,5342,20220819
20220819,TA301,,,5344,5422,5324,1087325,5306,5370,5306,441397,2357942774,1100075,0,0,5748,5096,0,0,08/19/2022 22:10:04,0,5344,290,5346,248,0,0,0,0,0,0,0,0,0,0,0,0,0,0,0,0,5342,20220819
20220819,TA301,,,5344,5422,5324,1087325,5306,5370,5306,441422,2358076324,1100082,0,0,5748,5096,0,0,08/19/2022 22:10:05,0,5344,275,5346,241,0,0,0,0,0,0,0,0,0,0,0,0,0,0,0,0,5342,20220819
20220819,TA301,,,5358,5422,5324,1087325,5306,5370,5306,457895,2446075090,1099246,0,0,5748,5096,0,0,08/19/2022 22:14:17,0,5358,119,5360,1104,0,0,0,0,0,0,0,0,0,0,0,0,0,0,0,0,5342,20220819
20220819,TA301,,,5360,5422,5324,1087325,5306,5370,5306,457945,2446342190,1099218,0,0,5748,5096,0,0,08/19/2022 22:14:17,0,5358,322,5360,1004,0,0,0,0,0,0,0,0,0,0,0,0,0,0,0,0,5342,20220819
20220819,TA301,,,5358,5422,5324,1087325,5306,5370,5306,458930,2451604060,1098970,0,0,5748,5096,0,0,08/19/2022 22:14:18,0,5358,319,5360,59,0,0,0,0,0,0,0,0,0,0,0,0,0,0,0,0,5342,20220819
20220819,TA301,,,5360,5422,5324,1087325,5306,5370,5306,459064,2452319888,1098987,0,0,5748,5096,0,0,08/19/2022 22:14:18,0,5360,576,5362,401,0,0,0,0,0,0,0,0,0,0,0,0,0,0,0,0,5342,20220819
20220819,TA301,,,5362,5422,5324,1087325,5306,5370,5306,459076,2452383992,1098984,0,0,5748,5096,0,0,08/19/2022 22:14:19,0,5360,604,5362,395,0,0,0,0,0,0,0,0,0,0,0,0,0,0,0,0,5342,20220819
20220819,TA301,,,5360,5422,5324,1087325,5306,5370,5306,459255,2453340210,1098965,0,0,5748,5096,0,0,08/19/2022 22:14:19,0,5360,538,5362,233,0,0,0,0,0,0,0,0,0,0,0,0,0,0,0,0,5342,20220819
20220819,TA301,,,5362,5422,5324,1087325,5306,5370,5306,459506,2454681052,1098833,0,0,5748,5096,0,0,08/19/2022 22:14:20,0,5360,519,5362,115,0,0,0,0,0,0,0,0,0,0,0,0,0,0,0,0,5342,20220819
20220819,TA301,,,5362,5422,5324,1087325,5306,5370,5306,459704,2455738768,1098801,0,0,5748,5096,0,0,08/19/2022 22:14:20,0,5362,34,5364,365,0,0,0,0,0,0,0,0,0,0,0,0,0,0,0,0,5342,20220819
20220819,TA301,,,5362,5422,5324,1087325,5306,5370,5306,459723,2455840266,1098806,0,0,5748,5096,0,0,08/19/2022 22:14:21,0,5362,72,5364,324,0,0,0,0,0,0,0,0,0,0,0,0,0,0,0,0,5342,20220819
20220819,TA301,,,5362,5422,5324,1087325,5306,5370,5306,459802,2456262284,1098791,0,0,5748,5096,0,0,08/19/2022 22:14:21,0,5362,151,5364,263,0,0,0,0,0,0,0,0,0,0,0,0,0,0,0,0,5342,20220819
20220819,TA301,,,5364,5422,5324,1087325,5306,5370,5306,459841,2456470622,1098768,0,0,5748,5096,0,0,08/19/2022 22:14:22,0,5362,281,5364,208,0,0,0,0,0,0,0,0,0,0,0,0,0,0,0,0,5342,20220819
20220819,TA301,,,5362,5422,5324,1087325,5306,5370,5306,459949,2457047558,1098727,0,0,5748,5096,0,0,08/19/2022 22:14:22,0,5362,269,5364,161,0,0,0,0,0,0,0,0,0,0,0,0,0,0,0,0,5342,20220819
20220819,TA301,,,5362,5422,5324,1087325,5306,5370,5306,459984,2457234528,1098715,0,0,5748,5096,0,0,08/19/2022 22:14:23,0,5362,259,5364,190,0,0,0,0,0,0,0,0,0,0,0,0,0,0,0,0,5342,20220819
20220819,TA301,,,5364,5422,5324,1087325,5306,5370,5306,460049,2457581758,1098704,0,0,5748,5096,0,0,08/19/2022 22:14:23,0,5362,238,5364,215,0,0,0,0,0,0,0,0,0,0,0,0,0,0,0,0,5342,20220819
20220819,TA301,,,5364,5422,5324,1087325,5306,5370,5306,460086,2457779412,1098697,0,0,5748,5096,0,0,08/19/2022 22:14:24,0,5362,238,5364,191,0,0,0,0,0,0,0,0,0,0,0,0,0,0,0,0,5342,20220819
20220819,TA301,,,5364,5422,5324,1087325,5306,5370,5306,460167,2458212114,1098716,0,0,5748,5096,0,0,08/19/2022 22:14:24,0,5362,173,5364,184,0,0,0,0,0,0,0,0,0,0,0,0,0,0,0,0,5342,20220819
20220819,TA301,,,5362,5422,5324,1087325,5306,5370,5306,460378,2459339276,1098699,0,0,5748,5096,0,0,08/19/2022 22:14:25,0,5360,182,5362,204,0,0,0,0,0,0,0,0,0,0,0,0,0,0,0,0,5342,20220819
20220819,TA301,,,5360,5422,5324,1087325,5306,5370,5306,460410,2459510220,1098707,0,0,5748,5096,0,0,08/19/2022 22:14:25,0,5360,186,5362,165,0,0,0,0,0,0,0,0,0,0,0,0,0,0,0,0,5342,20220819
20220819,TA301,,,5362,5422,5324,1087325,5306,5370,5306,460448,2459713216,1098688,0,0,5748,5096,0,0,08/19/2022 22:14:26,0,5360,183,5362,161,0,0,0,0,0,0,0,0,0,0,0,0,0,0,0,0,5342,20220819
20220819,TA301,,,5364,5422,5324,1087325,5306,5370,5306,460633,2460701486,1098546,0,0,5748,5096,0,0,08/19/2022 22:14:26,0,5362,8,5364,373,0,0,0,0,0,0,0,0,0,0,0,0,0,0,0,0,5342,20220819
20220819,TA301,,,5362,5422,5324,1087325,5306,5370,5306,460660,2460845720,1098528,0,0,5748,5096,0,0,08/19/2022 22:14:27,0,5360,253,5362,91,0,0,0,0,0,0,0,0,0,0,0,0,0,0,0,0,5342,20220819
20220819,TA301,,,5362,5422,5324,1087325,5306,5370,5306,460691,2461011322,1098537,0,0,5748,5096,0,0,08/19/2022 22:14:27,0,5360,751,5362,99,0,0,0,0,0,0,0,0,0,0,0,0,0,0,0,0,5342,20220819
20220819,TA301,,,5362,5422,5324,1087325,5306,5370,5306,460815,2461673730,1098433,0,0,5748,5096,0,0,08/19/2022 22:14:28,0,5362,409,5364,348,0,0,0,0,0,0,0,0,0,0,0,0,0,0,0,0,5342,20220819
20220819,TA301,,,5362,5422,5324,1087325,5306,5370,5306,460876,2461999592,1098413,0,0,5748,5096,0,0,08/19/2022 22:14:28,0,5362,419,5364,232,0,0,0,0,0,0,0,0,0,0,0,0,0,0,0,0,5342,20220819
20220819,TA301,,,5364,5422,5324,1087325,5306,5370,5306,460906,2462159852,1098420,0,0,5748,5096,0,0,08/19/2022 22:14:29,0,5362,411,5364,236,0,0,0,0,0,0,0,0,0,0,0,0,0,0,0,0,5342,20220819
20220819,TA301,,,5362,5422,5324,1087325,5306,5370,5306,460996,2462640632,1098382,0,0,5748,5096,0,0,08/19/2022 22:14:29,0,5362,286,5364,186,0,0,0,0,0,0,0,0,0,0,0,0,0,0,0,0,5342,20220819
20220819,TA301,,,5362,5422,5324,1087325,5306,5370,5306,462012,2468068104,1097972,0,0,5748,5096,0,0,08/19/2022 22:14:30,0,5362,16,5364,60,0,0,0,0,0,0,0,0,0,0,0,0,0,0,0,0,5342,20220819
20220819,TA301,,,5364,5422,5324,1087325,5306,5370,5306,462206,2469104452,1097956,0,0,5748,5096,0,0,08/19/2022 22:14:30,0,5362,7,5364,306,0,0,0,0,0,0,0,0,0,0,0,0,0,0,0,0,5342,20220819
20220819,TA301,,,5362,5422,5324,1087325,5306,5370,5306,462250,2469339500,1097972,0,0,5748,5096,0,0,08/19/2022 22:14:31,0,5360,288,5362,109,0,0,0,0,0,0,0,0,0,0,0,0,0,0,0,0,5342,20220819
20220819,TA301,,,5362,5422,5324,1087325,5306,5370,5306,462284,2469521128,1097990,0,0,5748,5096,0,0,08/19/2022 22:14:31,0,5360,268,5362,99,0,0,0,0,0,0,0,0,0,0,0,0,0,0,0,0,5342,20220819
20220819,TA301,,,5362,5422,5324,1087325,5306,5370,5306,462299,2469601258,1098002,0,0,5748,5096,0,0,08/19/2022 22:14:32,0,5360,223,5362,243,0,0,0,0,0,0,0,0,0,0,0,0,0,0,0,0,5342,20220819
20220819,TA301,,,5360,5422,5324,1087325,5306,5370,5306,462483,2470584186,1097989,0,0,5748,5096,0,0,08/19/2022 22:14:32,0,5360,48,5362,223,0,0,0,0,0,0,0,0,0,0,0,0,0,0,0,0,5342,20220819
20220819,TA301,,,5360,5422,5324,1087325,5306,5370,5306,462603,2471225226,1098071,0,0,5748,5096,0,0,08/19/2022 22:14:33,0,5358,354,5360,43,0,0,0,0,0,0,0,0,0,0,0,0,0,0,0,0,5342,20220819
20220819,TA301,,,5362,5422,5324,1087325,5306,5370,5306,462680,2471636560,1098104,0,0,5748,5096,0,0,08/19/2022 22:14:33,0,5360,17,5362,220,0,0,0,0,0,0,0,0,0,0,0,0,0,0,0,0,5342,20220819
20220819,TA301,,,5362,5422,5324,1087325,5306,5370,5306,462703,2471759426,1098100,0,0,5748,5096,0,0,08/19/2022 22:14:34,0,5360,98,5362,211,0,0,0,0,0,0,0,0,0,0,0,0,0,0,0,0,5342,20220819
20220819,TA301,,,5360,5422,5324,1087325,5306,5370,5306,462729,2471898318,1098099,0,0,5748,5096,0,0,08/19/2022 22:14:34,0,5360,74,5362,193,0,0,0,0,0,0,0,0,0,0,0,0,0,0,0,0,5342,20220819
20220819,TA301,,,5360,5422,5324,1087325,5306,5370,5306,462738,2471946396,1098097,0,0,5748,5096,0,0,08/19/2022 22:14:35,0,5360,72,5362,189,0,0,0,0,0,0,0,0,0,0,0,0,0,0,0,0,5342,20220819
20220819,TA301,,,5360,5422,5324,1087325,5306,5370,5306,462761,2472069262,1098101,0,0,5748,5096,0,0,08/19/2022 22:14:35,0,5360,57,5362,238,0,0,0,0,0,0,0,0,0,0,0,0,0,0,0,0,5342,20220819
20220819,TA301,,,5362,5422,5324,1087325,5306,5370,5306,462805,2472304310,1098105,0,0,5748,5096,0,0,08/19/2022 22:14:36,0,5360,23,5362,207,0,0,0,0,0,0,0,0,0,0,0,0,0,0,0,0,5342,20220819
20220819,TA301,,,5360,5422,5324,1087325,5306,5370,5306,462813,2472347046,1098107,0,0,5748,5096,0,0,08/19/2022 22:14:36,0,5360,102,5362,223,0,0,0,0,0,0,0,0,0,0,0,0,0,0,0,0,5342,20220819
20220819,TA301,,,5362,5422,5324,1087325,5306,5370,5306,462827,2472421834,1098108,0,0,5748,5096,0,0,08/19/2022 22:14:37,0,5360,126,5362,227,0,0,0,0,0,0,0,0,0,0,0,0,0,0,0,0,5342,20220819
20220819,TA301,,,5360,5422,5324,1087325,5306,5370,5306,462864,2472619488,1098119,0,0,5748,5096,0,0,08/19/2022 22:14:37,0,5360,97,5362,223,0,0,0,0,0,0,0,0,0,0,0,0,0,0,0,0,5342,20220819
20220819,TA301,,,5360,5422,5324,1087325,5306,5370,5306,462964,2473153688,1098166,0,0,5748,5096,0,0,08/19/2022 22:14:38,0,5358,376,5360,423,0,0,0,0,0,0,0,0,0,0,0,0,0,0,0,0,5342,20220819
20220819,TA301,,,5360,5422,5324,1087325,5306,5370,5306,462991,2473297922,1098189,0,0,5748,5096,0,0,08/19/2022 22:14:38,0,5358,366,5360,441,0,0,0,0,0,0,0,0,0,0,0,0,0,0,0,0,5342,20220819
20220819,TA301,,,5360,5422,5324,1087325,5306,5370,5306,463007,2473383394,1098191,0,0,5748,5096,0,0,08/19/2022 22:14:39,0,5358,361,5360,427,0,0,0,0,0,0,0,0,0,0,0,0,0,0,0,0,5342,20220819
20220819,TA301,,,5360,5422,5324,1087325,5306,5370,5306,463024,2473474208,1098199,0,0,5748,5096,0,0,08/19/2022 22:14:39,0,5358,366,5360,420,0,0,0,0,0,0,0,0,0,0,0,0,0,0,0,0,5342,20220819
20220819,TA301,,,5360,5422,5324,1087325,5306,5370,5306,463032,2473516944,1098201,0,0,5748,5096,0,0,08/19/2022 22:14:40,0,5358,362,5360,415,0,0,0,0,0,0,0,0,0,0,0,0,0,0,0,0,5342,20220819
20220819,TA301,,,5360,5422,5324,1087325,5306,5370,5306,463063,2473682546,1098224,0,0,5748,5096,0,0,08/19/2022 22:14:40,0,5358,341,5360,395,0,0,0,0,0,0,0,0,0,0,0,0,0,0,0,0,5342,20220819
20220819,TA301,,,5360,5422,5324,1087325,5306,5370,5306,463070,2473719940,1098227,0,0,5748,5096,0,0,08/19/2022 22:14:41,0,5358,343,5360,399,0,0,0,0,0,0,0,0,0,0,0,0,0,0,0,0,5342,20220819
20220819,TA301,,,5358,5422,5324,1087325,5306,5370,5306,463081,2473778702,1098221,0,0,5748,5096,0,0,08/19/2022 22:14:41,0,5358,373,5360,419,0,0,0,0,0,0,0,0,0,0,0,0,0,0,0,0,5342,20220819
20220819,TA301,,,5358,5422,5324,1087325,5306,5370,5306,463105,2473906910,1098197,0,0,5748,5096,0,0,08/19/2022 22:14:42,0,5358,350,5360,470,0,0,0,0,0,0,0,0,0,0,0,0,0,0,0,0,5342,20220819
20220819,TA301,,,5358,5422,5324,1087325,5306,5370,5306,463107,2473917594,1098198,0,0,5748,5096,0,0,08/19/2022 22:14:42,0,5358,272,5360,481,0,0,0,0,0,0,0,0,0,0,0,0,0,0,0,0,5342,20220819
20220819,TA301,,,5360,5422,5324,1087325,5306,5370,5306,463312,2475012704,1098203,0,0,5748,5096,0,0,08/19/2022 22:14:43,0,5358,275,5360,262,0,0,0,0,0,0,0,0,0,0,0,0,0,0,0,0,5342,20220819
20220819,TA301,,,5358,5422,5324,1087325,5306,5370,5306,463319,2475050098,1098196,0,0,5748,5096,0,0,08/19/2022 22:14:43,0,5358,328,5360,273,0,0,0,0,0,0,0,0,0,0,0,0,0,0,0,0,5342,20220819
20220819,TA301,,,5360,5422,5324,1087325,5306,5370,5306,463382,2475386644,1098259,0,0,5748,5096,0,0,08/19/2022 22:14:44,0,5358,356,5360,203,0,0,0,0,0,0,0,0,0,0,0,0,0,0,0,0,5342,20220819
20220819,TA301,,,5358,5422,5324,1087325,5306,5370,5306,463391,2475434722,1098253,0,0,5748,5096,0,0,08/19/2022 22:14:44,0,5358,362,5360,200,0,0,0,0,0,0,0,0,0,0,0,0,0,0,0,0,5342,20220819
20220819,TA301,,,5358,5422,5324,1087325,5306,5370,5306,463410,2475536220,1098264,0,0,5748,5096,0,0,08/19/2022 22:14:45,0,5358,359,5360,185,0,0,0,0,0,0,0,0,0,0,0,0,0,0,0,0,5342,20220819
20220819,TA301,,,5360,5422,5324,1087325,5306,5370,5306,463411,2475541562,1098265,0,0,5748,5096,0,0,08/19/2022 22:14:45,0,5358,371,5360,196,0,0,0,0,0,0,0,0,0,0,0,0,0,0,0,0,5342,20220819
20220819,TA301,,,5360,5422,5324,1087325,5306,5370,5306,463558,2476326836,1098308,0,0,5748,5096,0,0,08/19/2022 22:14:46,0,5358,364,5360,65,0,0,0,0,0,0,0,0,0,0,0,0,0,0,0,0,5342,20220819
20220819,TA301,,,5360,5422,5324,1087325,5306,5370,5306,463699,2477080058,1098270,0,0,5748,5096,0,0,08/19/2022 22:14:46,0,5358,467,5362,423,0,0,0,0,0,0,0,0,0,0,0,0,0,0,0,0,5342,20220819
20220819,TA301,,,5360,5422,5324,1087325,5306,5370,5306,463703,2477101426,1098269,0,0,5748,5096,0,0,08/19/2022 22:14:47,0,5360,8,5362,372,0,0,0,0,0,0,0,0,0,0,0,0,0,0,0,0,5342,20220819
20220819,TA301,,,5360,5422,5324,1087325,5306,5370,5306,463721,2477197582,1098269,0,0,5748,5096,0,0,08/19/2022 22:14:47,0,5360,67,5362,304,0,0,0,0,0,0,0,0,0,0,0,0,0,0,0,0,5342,20220819
20220819,TA301,,,5362,5422,5324,1087325,5306,5370,5306,463728,2477234976,1098267,0,0,5748,5096,0,0,08/19/2022 22:14:48,0,5360,112,5362,287,0,0,0,0,0,0,0,0,0,0,0,0,0,0,0,0,5342,20220819
20220819,TA301,,,5360,5422,5324,1087325,5306,5370,5306,463846,2477865332,1098239,0,0,5748,5096,0,0,08/19/2022 22:14:48,0,5358,481,5360,252,0,0,0,0,0,0,0,0,0,0,0,0,0,0,0,0,5342,20220819
20220819,TA301,,,5360,5422,5324,1087325,5306,5370,5306,463853,2477902726,1098237,0,0,5748,5096,0,0,08/19/2022 22:14:49,0,5358,447,5360,250,0,0,0,0,0,0,0,0,0,0,0,0,0,0,0,0,5342,20220819
20220819,TA301,,,5360,5422,5324,1087325,5306,5370,5306,463867,2477977514,1098235,0,0,5748,5096,0,0,08/19/2022 22:14:49,0,5358,384,5360,237,0,0,0,0,0,0,0,0,0,0,0,0,0,0,0,0,5342,20220819
20220819,TA301,,,5360,5422,5324,1087325,5306,5370,5306,463872,2478004224,1098230,0,0,5748,5096,0,0,08/19/2022 22:14:50,0,5358,380,5360,241,0,0,0,0,0,0,0,0,0,0,0,0,0,0,0,0,5342,20220819
20220819,TA301,,,5360,5422,5324,1087325,5306,5370,5306,463893,2478116406,1098210,0,0,5748,5096,0,0,08/19/2022 22:14:50,0,5358,383,5360,226,0,0,0,0,0,0,0,0,0,0,0,0,0,0,0,0,5342,20220819
20220819,TA301,,,5360,5422,5324,1087325,5306,5370,5306,463897,2478137774,1098209,0,0,5748,5096,0,0,08/19/2022 22:14:51,0,5358,392,5360,231,0,0,0,0,0,0,0,0,0,0,0,0,0,0,0,0,5342,20220819
20220819,TA301,,,5360,5422,5324,1087325,5306,5370,5306,463900,2478153800,1098206,0,0,5748,5096,0,0,08/19/2022 22:14:51,0,5358,401,5360,240,0,0,0,0,0,0,0,0,0,0,0,0,0,0,0,0,5342,20220819
20220819,TA301,,,5360,5422,5324,1087325,5306,5370,5306,463907,2478191194,1098205,0,0,5748,5096,0,0,08/19/2022 22:14:52,0,5358,406,5360,238,0,0,0,0,0,0,0,0,0,0,0,0,0,0,0,0,5342,20220819
20220819,TA301,,,5358,5422,5324,1087325,5306,5370,5306,463908,2478196536,1098205,0,0,5748,5096,0,0,08/19/2022 22:14:52,0,5358,400,5360,239,0,0,0,0,0,0,0,0,0,0,0,0,0,0,0,0,5342,20220819
20220819,TA301,,,5358,5422,5324,1087325,5306,5370,5306,463912,2478217904,1098201,0,0,5748,5096,0,0,08/19/2022 22:14:53,0,5358,396,5360,238,0,0,0,0,0,0,0,0,0,0,0,0,0,0,0,0,5342,20220819
20220819,TA301,,,5360,5422,5324,1087325,5306,5370,5306,464015,2478768130,1098099,0,0,5748,5096,0,0,08/19/2022 22:14:53,0,5358,352,5360,137,0,0,0,0,0,0,0,0,0,0,0,0,0,0,0,0,5342,20220819
20220819,TA301,,,5358,5422,5324,1087325,5306,5370,5306,464021,2478800182,1098094,0,0,5748,5096,0,0,08/19/2022 22:14:54,0,5358,353,5360,137,0,0,0,0,0,0,0,0,0,0,0,0,0,0,0,0,5342,20220819
20220819,TA301,,,5360,5422,5324,1087325,5306,5370,5306,464022,2478805524,1098093,0,0,5748,5096,0,0,08/19/2022 22:14:54,0,5358,357,5360,137,0,0,0,0,0,0,0,0,0,0,0,0,0,0,0,0,5342,20220819
20220819,TA301,,,5358,5422,5324,1087325,5306,5370,5306,464025,2478821550,1098092,0,0,5748,5096,0,0,08/19/2022 22:14:55,0,5358,356,5360,167,0,0,0,0,0,0,0,0,0,0,0,0,0,0,0,0,5342,20220819
20220819,TA301,,,5360,5422,5324,1087325,5306,5370,5306,464026,2478826892,1098092,0,0,5748,5096,0,0,08/19/2022 22:14:55,0,5358,356,5360,166,0,0,0,0,0,0,0,0,0,0,0,0,0,0,0,0,5342,20220819
20220819,TA301,,,5360,5422,5324,1087325,5306,5370,5306,464035,2478874970,1098085,0,0,5748,5096,0,0,08/19/2022 22:14:56,0,5358,350,5360,167,0,0,0,0,0,0,0,0,0,0,0,0,0,0,0,0,5342,20220819
20220819,TA301,,,5360,5422,5324,1087325,5306,5370,5306,464056,2478987152,1098064,0,0,5748,5096,0,0,08/19/2022 22:14:56,0,5358,352,5360,160,0,0,0,0,0,0,0,0,0,0,0,0,0,0,0,0,5342,20220819
20220819,TA301,,,5360,5422,5324,1087325,5306,5370,5306,464059,2479003178,1098064,0,0,5748,5096,0,0,08/19/2022 22:14:57,0,5358,352,5360,159,0,0,0,0,0,0,0,0,0,0,0,0,0,0,0,0,5342,20220819
20220819,TA301,,,5358,5422,5324,1087325,5306,5370,5306,464072,2479072624,1098058,0,0,5748,5096,0,0,08/19/2022 22:14:57,0,5358,346,5360,178,0,0,0,0,0,0,0,0,0,0,0,0,0,0,0,0,5342,20220819
20220819,TA301,,,5358,5422,5324,1087325,5306,5370,5306,464077,2479099334,1098058,0,0,5748,5096,0,0,08/19/2022 22:14:58,0,5358,365,5360,228,0,0,0,0,0,0,0,0,0,0,0,0,0,0,0,0,5342,20220819
20220819,TA301,,,5358,5422,5324,1087325,5306,5370,5306,464077,2479099334,1098058,0,0,5748,5096,0,0,08/19/2022 22:14:58,0,5358,365,5360,235,0,0,0,0,0,0,0,0,0,0,0,0,0,0,0,0,5342,20220819
20220819,TA301,,,5358,5422,5324,1087325,5306,5370,5306,464146,2479467932,1098054,0,0,5748,5096,0,0,08/19/2022 22:14:59,0,5358,350,5360,211,0,0,0,0,0,0,0,0,0,0,0,0,0,0,0,0,5342,20220819
20220819,TA301,,,5358,5422,5324,1087325,5306,5370,5306,464149,2479483958,1098052,0,0,5748,5096,0,0,08/19/2022 22:14:59,0,5358,348,5360,222,0,0,0,0,0,0,0,0,0,0,0,0,0,0,0,0,5342,20220819
20220819,TA301,,,5358,5422,5324,1087325,5306,5370,5306,464167,2479580114,1098037,0,0,5748,5096,0,0,08/19/2022 22:15:00,0,5358,348,5360,232,0,0,0,0,0,0,0,0,0,0,0,0,0,0,0,0,5342,20220819
20220819,TA301,,,5358,5422,5324,1087325,5306,5370,5306,464211,2479815162,1098052,0,0,5748,5096,0,0,08/19/2022 22:15:00,0,5358,351,5360,225,0,0,0,0,0,0,0,0,0,0,0,0,0,0,0,0,5342,20220819
20220819,TA301,,,5358,5422,5324,1087325,5306,5370,5306,464234,2479938028,1098053,0,0,5748,5096,0,0,08/19/2022 22:15:01,0,5358,334,5360,274,0,0,0,0,0,0,0,0,0,0,0,0,0,0,0,0,5342,20220819
20220819,TA301,,,5358,5422,5324,1087325,5306,5370,5306,464258,2480066236,1098064,0,0,5748,5096,0,0,08/19/2022 22:15:01,0,5358,387,5360,204,0,0,0,0,0,0,0,0,0,0,0,0,0,0,0,0,5342,20220819
20220819,TA301,,,5360,5422,5324,1087325,5306,5370,5306,464468,2481188056,1097976,0,0,5748,5096,0,0,08/19/2022 22:15:02,0,5360,131,5362,532,0,0,0,0,0,0,0,0,0,0,0,0,0,0,0,0,5342,20220819
20220819,TA301,,,5360,5422,5324,1087325,5306,5370,5306,464494,2481326948,1098001,0,0,5748,5096,0,0,08/19/2022 22:15:02,0,5360,251,5362,372,0,0,0,0,0,0,0,0,0,0,0,0,0,0,0,0,5342,20220819
20220819,TA301,,,5360,5422,5324,1087325,5306,5370,5306,464518,2481455156,1098018,0,0,5748,5096,0,0,08/19/2022 22:15:03,0,5360,267,5362,335,0,0,0,0,0,0,0,0,0,0,0,0,0,0,0,0,5342,20220819
20220819,TA301,,,5360,5422,5324,1087325,5306,5370,5306,464522,2481476524,1098022,0,0,5748,5096,0,0,08/19/2022 22:15:03,0,5360,295,5362,289,0,0,0,0,0,0,0,0,0,0,0,0,0,0,0,0,5342,20220819
20220819,TA301,,,5360,5422,5324,1087325,5306,5370,5306,464909,2483543878,1097963,0,0,5748,5096,0,0,08/19/2022 22:15:04,0,5358,465,5360,38,0,0,0,0,0,0,0,0,0,0,0,0,0,0,0,0,5342,20220819
20220819,TA301,,,5360,5422,5324,1087325,5306,5370,5306,464964,2483837688,1097940,0,0,5748,5096,0,0,08/19/2022 22:15:04,0,5358,473,5362,307,0,0,0,0,0,0,0,0,0,0,0,0,0,0,0,0,5342,20220819
20220819,TA301,,,5362,5422,5324,1087325,5306,5370,5306,465057,2484334494,1097984,0,0,5748,5096,0,0,08/19/2022 22:15:05,0,5360,104,5362,305,0,0,0,0,0,0,0,0,0,0,0,0,0,0,0,0,5342,20220819
20220819,TA301,,,5360,5422,5324,1087325,5306,5370,5306,465059,2484345178,1097984,0,0,5748,5096,0,0,08/19/2022 22:15:05,0,5360,142,5362,301,0,0,0,0,0,0,0,0,0,0,0,0,0,0,0,0,5342,20220819
20220819,TA301,,,5362,5422,5324,1087325,5306,5370,5306,465061,2484355862,1097984,0,0,5748,5096,0,0,08/19/2022 22:15:06,0,5360,143,5362,296,0,0,0,0,0,0,0,0,0,0,0,0,0,0,0,0,5342,20220819
20220819,TA301,,,5362,5422,5324,1087325,5306,5370,5306,465062,2484361204,1097984,0,0,5748,5096,0,0,08/19/2022 22:15:06,0,5360,153,5362,293,0,0,0,0,0,0,0,0,0,0,0,0,0,0,0,0,5342,20220819
20220819,TA301,,,5362,5422,5324,1087325,5306,5370,5306,465075,2484430650,1097977,0,0,5748,5096,0,0,08/19/2022 22:15:07,0,5360,179,5362,280,0,0,0,0,0,0,0,0,0,0,0,0,0,0,0,0,5342,20220819
20220819,TA301,,,5360,5422,5324,1087325,5306,5370,5306,465081,2484462702,1097981,0,0,5748,5096,0,0,08/19/2022 22:15:07,0,5360,184,5362,281,0,0,0,0,0,0,0,0,0,0,0,0,0,0,0,0,5342,20220819
20220819,TA301,,,5360,5422,5324,1087325,5306,5370,5306,465086,2484489412,1097981,0,0,5748,5096,0,0,08/19/2022 22:15:08,0,5360,284,5362,280,0,0,0,0,0,0,0,0,0,0,0,0,0,0,0,0,5342,20220819
20220819,TA301,,,5360,5422,5324,1087325,5306,5370,5306,465112,2484628304,1097979,0,0,5748,5096,0,0,08/19/2022 22:15:08,0,5360,263,5362,282,0,0,0,0,0,0,0,0,0,0,0,0,0,0,0,0,5342,20220819
20220819,TA301,,,5362,5422,5324,1087325,5306,5370,5306,465209,2485146478,1097933,0,0,5748,5096,0,0,08/19/2022 22:15:09,0,5360,272,5362,191,0,0,0,0,0,0,0,0,0,0,0,0,0,0,0,0,5342,20220819
20220819,TA301,,,5362,5422,5324,1087325,5306,5370,5306,465217,2485189214,1097939,0,0,5748,5096,0,0,08/19/2022 22:15:09,0,5360,278,5362,207,0,0,0,0,0,0,0,0,0,0,0,0,0,0,0,0,5342,20220819
20220819,TA301,,,5362,5422,5324,1087325,5306,5370,5306,465245,2485338790,1097940,0,0,5748,5096,0,0,08/19/2022 22:15:10,0,5360,242,5362,246,0,0,0,0,0,0,0,0,0,0,0,0,0,0,0,0,5342,20220819
20220819,TA301,,,5360,5422,5324,1087325,5306,5370,5306,465506,2486733052,1097774,0,0,5748,5096,0,0,08/19/2022 22:15:10,0,5358,479,5360,136,0,0,0,0,0,0,0,0,0,0,0,0,0,0,0,0,5342,20220819
20220819,TA301,,,5360,5422,5324,1087325,5306,5370,5306,465514,2486775788,1097768,0,0,5748,5096,0,0,08/19/2022 22:15:11,0,5358,461,5360,134,0,0,0,0,0,0,0,0,0,0,0,0,0,0,0,0,5342,20220819
20220819,TA301,,,5360,5422,5324,1087325,5306,5370,5306,465520,2486807840,1097762,0,0,5748,5096,0,0,08/19/2022 22:15:11,0,5358,431,5360,130,0,0,0,0,0,0,0,0,0,0,0,0,0,0,0,0,5342,20220819
20220819,TA301,,,5360,5422,5324,1087325,5306,5370,5306,465691,2487721322,1097670,0,0,5748,5096,0,0,08/19/2022 22:15:12,0,5360,9,5362,274,0,0,0,0,0,0,0,0,0,0,0,0,0,0,0,0,5342,20220819
20220819,TA301,,,5360,5422,5324,1087325,5306,5370,5306,465714,2487844188,1097658,0,0,5748,5096,0,0,08/19/2022 22:15:12,0,5360,12,5362,286,0,0,0,0,0,0,0,0,0,0,0,0,0,0,0,0,5342,20220819
20220819,TA301,,,5360,5422,5324,1087325,5306,5370,5306,465723,2487892266,1097655,0,0,5748,5096,0,0,08/19/2022 22:15:13,0,5360,108,5362,285,0,0,0,0,0,0,0,0,0,0,0,0,0,0,0,0,5342,20220819
20220819,TA301,,,5362,5422,5324,1087325,5306,5370,5306,465781,2488202102,1097683,0,0,5748,5096,0,0,08/19/2022 22:15:13,0,5360,149,5362,231,0,0,0,0,0,0,0,0,0,0,0,0,0,0,0,0,5342,20220819
20220819,TA301,,,5360,5422,5324,1087325,5306,5370,5306,465822,2488421124,1097680,0,0,5748,5096,0,0,08/19/2022 22:15:14,0,5360,147,5362,234,0,0,0,0,0,0,0,0,0,0,0,0,0,0,0,0,5342,20220819
20220819,TA301,,,5360,5422,5324,1087325,5306,5370,5306,465836,2488495912,1097667,0,0,5748,5096,0,0,08/19/2022 22:15:14,0,5360,108,5362,263,0,0,0,0,0,0,0,0,0,0,0,0,0,0,0,0,5342,20220819
20220819,TA301,,,5360,5422,5324,1087325,5306,5370,5306,465858,2488613436,1097651,0,0,5748,5096,0,0,08/19/2022 22:15:15,0,5360,90,5362,256,0,0,0,0,0,0,0,0,0,0,0,0,0,0,0,0,5342,20220819
20220819,TA301,,,5362,5422,5324,1087325,5306,5370,5306,465877,2488714934,1097640,0,0,5748,5096,0,0,08/19/2022 22:15:15,0,5360,70,5362,246,0,0,0,0,0,0,0,0,0,0,0,0,0,0,0,0,5342,20220819
20220819,TA301,,,5360,5422,5324,1087325,5306,5370,5306,465889,2488779038,1097638,0,0,5748,5096,0,0,08/19/2022 22:15:16,0,5360,91,5362,268,0,0,0,0,0,0,0,0,0,0,0,0,0,0,0,0,5342,20220819
20220819,TA301,,,5360,5422,5324,1087325,5306,5370,5306,465897,2488821774,1097635,0,0,5748,5096,0,0,08/19/2022 22:15:16,0,5360,103,5362,265,0,0,0,0,0,0,0,0,0,0,0,0,0,0,0,0,5342,20220819
20220819,TA301,,,5360,5422,5324,1087325,5306,5370,5306,465906,2488869852,1097631,0,0,5748,5096,0,0,08/19/2022 22:15:17,0,5360,228,5362,264,0,0,0,0,0,0,0,0,0,0,0,0,0,0,0,0,5342,20220819
20220819,TA301,,,5360,5422,5324,1087325,5306,5370,5306,465914,2488912588,1097632,0,0,5748,5096,0,0,08/19/2022 22:15:17,0,5360,253,5362,227,0,0,0,0,0,0,0,0,0,0,0,0,0,0,0,0,5342,20220819
20220819,TA301,,,5360,5422,5324,1087325,5306,5370,5306,465927,2488982034,1097622,0,0,5748,5096,0,0,08/19/2022 22:15:18,0,5360,225,5362,230,0,0,0,0,0,0,0,0,0,0,0,0,0,0,0,0,5342,20220819
20220819,TA301,,,5360,5422,5324,1087325,5306,5370,5306,465932,2489008744,1097620,0,0,5748,5096,0,0,08/19/2022 22:15:18,0,5360,219,5362,229,0,0,0,0,0,0,0,0,0,0,0,0,0,0,0,0,5342,20220819
20220819,TA301,,,5360,5422,5324,1087325,5306,5370,5306,466154,2490194668,1097588,0,0,5748,5096,0,0,08/19/2022 22:15:19,0,5358,490,5360,200,0,0,0,0,0,0,0,0,0,0,0,0,0,0,0,0,5342,20220819
20220819,TA301,,,5360,5422,5324,1087325,5306,5370,5306,466176,2490312192,1097578,0,0,5748,5096,0,0,08/19/2022 22:15:19,0,5358,449,5360,144,0,0,0,0,0,0,0,0,0,0,0,0,0,0,0,0,5342,20220819
20220819,TA301,,,5360,5422,5324,1087325,5306,5370,5306,466181,2490338902,1097574,0,0,5748,5096,0,0,08/19/2022 22:15:20,0,5358,413,5360,142,0,0,0,0,0,0,0,0,0,0,0,0,0,0,0,0,5342,20220819
20220819,TA301,,,5360,5422,5324,1087325,5306,5370,5306,466194,2490408348,1097564,0,0,5748,5096,0,0,08/19/2022 22:15:20,0,5358,432,5360,138,0,0,0,0,0,0,0,0,0,0,0,0,0,0,0,0,5342,20220819
20220819,TA301,,,5360,5422,5324,1087325,5306,5370,5306,466206,2490472452,1097564,0,0,5748,5096,0,0,08/19/2022 22:15:21,0,5358,421,5360,127,0,0,0,0,0,0,0,0,0,0,0,0,0,0,0,0,5342,20220819
20220819,TA301,,,5360,5422,5324,1087325,5306,5370,5306,466340,2491188280,1097438,0,0,5748,5096,0,0,08/19/2022 22:15:21,0,5360,175,5362,356,0,0,0,0,0,0,0,0,0,0,0,0,0,0,0,0,5342,20220819
20220819,TA301,,,5362,5422,5324,1087325,5306,5370,5306,466358,2491284436,1097427,0,0,5748,5096,0,0,08/19/2022 22:15:22,0,5360,238,5362,247,0,0,0,0,0,0,0,0,0,0,0,0,0,0,0,0,5342,20220819
20220819,TA301,,,5360,5422,5324,1087325,5306,5370,5306,466427,2491653034,1097381,0,0,5748,5096,0,0,08/19/2022 22:15:22,0,5360,171,5362,248,0,0,0,0,0,0,0,0,0,0,0,0,0,0,0,0,5342,20220819
20220819,TA301,,,5362,5422,5324,1087325,5306,5370,5306,466431,2491674402,1097383,0,0,5748,5096,0,0,08/19/2022 22:15:23,0,5360,168,5362,249,0,0,0,0,0,0,0,0,0,0,0,0,0,0,0,0,5342,20220819
20220819,TA301,,,5360,5422,5324,1087325,5306,5370,5306,466446,2491754532,1097384,0,0,5748,5096,0,0,08/19/2022 22:15:23,0,5360,157,5362,260,0,0,0,0,0,0,0,0,0,0,0,0,0,0,0,0,5342,20220819
20220819,TA301,,,5362,5422,5324,1087325,5306,5370,5306,466494,2492010948,1097402,0,0,5748,5096,0,0,08/19/2022 22:15:24,0,5360,128,5362,257,0,0,0,0,0,0,0,0,0,0,0,0,0,0,0,0,5342,20220819
20220819,TA301,,,5360,5422,5324,1087325,5306,5370,5306,466496,2492021632,1097404,0,0,5748,5096,0,0,08/19/2022 22:15:24,0,5360,148,5362,263,0,0,0,0,0,0,0,0,0,0,0,0,0,0,0,0,5342,20220819
20220819,TA301,,,5362,5422,5324,1087325,5306,5370,5306,466509,2492091078,1097396,0,0,5748,5096,0,0,08/19/2022 22:15:25,0,5360,155,5362,258,0,0,0,0,0,0,0,0,0,0,0,0,0,0,0,0,5342,20220819
20220819,TA301,,,5360,5422,5324,1087325,5306,5370,5306,466524,2492171208,1097402,0,0,5748,5096,0,0,08/19/2022 22:15:25,0,5360,154,5362,258,0,0,0,0,0,0,0,0,0,0,0,0,0,0,0,0,5342,20220819
20220819,TA301,,,5360,5422,5324,1087325,5306,5370,5306,466529,2492197918,1097401,0,0,5748,5096,0,0,08/19/2022 22:15:26,0,5360,155,5362,282,0,0,0,0,0,0,0,0,0,0,0,0,0,0,0,0,5342,20220819
20220819,TA301,,,5362,5422,5324,1087325,5306,5370,5306,466751,2493383842,1097480,0,0,5748,5096,0,0,08/19/2022 22:15:26,0,5360,160,5362,97,0,0,0,0,0,0,0,0,0,0,0,0,0,0,0,0,5342,20220819
20220819,TA301,,,5362,5422,5324,1087325,5306,5370,5306,466877,2494056934,1097436,0,0,5748,5096,0,0,08/19/2022 22:15:27,0,5362,19,5364,497,0,0,0,0,0,0,0,0,0,0,0,0,0,0,0,0,5342,20220819
20220819,TA301,,,5362,5422,5324,1087325,5306,5370,5306,467254,2496070868,1097314,0,0,5748,5096,0,0,08/19/2022 22:15:27,0,5360,35,5362,161,0,0,0,0,0,0,0,0,0,0,0,0,0,0,0,0,5342,20220819
20220819,TA301,,,5362,5422,5324,1087325,5306,5370,5306,467264,2496124288,1097314,0,0,5748,5096,0,0,08/19/2022 22:15:28,0,5360,179,5362,166,0,0,0,0,0,0,0,0,0,0,0,0,0,0,0,0,5342,20220819
20220819,TA301,,,5360,5422,5324,1087325,5306,5370,5306,467266,2496134972,1097314,0,0,5748,5096,0,0,08/19/2022 22:15:28,0,5360,215,5362,170,0,0,0,0,0,0,0,0,0,0,0,0,0,0,0,0,5342,20220819
20220819,TA301,,,5362,5422,5324,1087325,5306,5370,5306,467269,2496150998,1097314,0,0,5748,5096,0,0,08/19/2022 22:15:29,0,5360,200,5362,154,0,0,0,0,0,0,0,0,0,0,0,0,0,0,0,0,5342,20220819
20220819,TA301,,,5362,5422,5324,1087325,5306,5370,5306,467281,2496215102,1097305,0,0,5748,5096,0,0,08/19/2022 22:15:29,0,5360,202,5362,150,0,0,0,0,0,0,0,0,0,0,0,0,0,0,0,0,5342,20220819
20220819,TA301,,,5362,5422,5324,1087325,5306,5370,5306,467330,2496476860,1097270,0,0,5748,5096,0,0,08/19/2022 22:15:30,0,5360,210,5362,98,0,0,0,0,0,0,0,0,0,0,0,0,0,0,0,0,5342,20220819
20220819,TA301,,,5362,5422,5324,1087325,5306,5370,5306,467378,2496733276,1097252,0,0,5748,5096,0,0,08/19/2022 22:15:30,0,5360,273,5362,24,0,0,0,0,0,0,0,0,0,0,0,0,0,0,0,0,5342,20220819
20220819,TA301,,,5360,5422,5324,1087325,5306,5370,5306,467380,2496743960,1097251,0,0,5748,5096,0,0,08/19/2022 22:15:31,0,5360,326,5362,87,0,0,0,0,0,0,0,0,0,0,0,0,0,0,0,0,5342,20220819
20220819,TA301,,,5362,5422,5324,1087325,5306,5370,5306,467389,2496792038,1097251,0,0,5748,5096,0,0,08/19/2022 22:15:31,0,5360,264,5362,107,0,0,0,0,0,0,0,0,0,0,0,0,0,0,0,0,5342,20220819
20220819,TA301,,,5360,5422,5324,1087325,5306,5370,5306,467422,2496968324,1097242,0,0,5748,5096,0,0,08/19/2022 22:15:32,0,5360,273,5362,94,0,0,0,0,0,0,0,0,0,0,0,0,0,0,0,0,5342,20220819
20220819,TA301,,,5360,5422,5324,1087325,5306,5370,5306,467433,2497027086,1097235,0,0,5748,5096,0,0,08/19/2022 22:15:32,0,5360,285,5362,73,0,0,0,0,0,0,0,0,0,0,0,0,0,0,0,0,5342,20220819
20220819,TA301,,,5360,5422,5324,1087325,5306,5370,5306,467448,2497107216,1097235,0,0,5748,5096,0,0,08/19/2022 22:15:33,0,5360,297,5362,51,0,0,0,0,0,0,0,0,0,0,0,0,0,0,0,0,5342,20220819
20220819,TA301,,,5360,5422,5324,1087325,5306,5370,5306,467451,2497123242,1097236,0,0,5748,5096,0,0,08/19/2022 22:15:33,0,5360,314,5362,53,0,0,0,0,0,0,0,0,0,0,0,0,0,0,0,0,5342,20220819
20220819,TA301,,,5362,5422,5324,1087325,5306,5370,5306,467455,2497144610,1097238,0,0,5748,5096,0,0,08/19/2022 22:15:34,0,5360,315,5362,53,0,0,0,0,0,0,0,0,0,0,0,0,0,0,0,0,5342,20220819
20220819,TA301,,,5362,5422,5324,1087325,5306,5370,5306,467463,2497187346,1097231,0,0,5748,5096,0,0,08/19/2022 22:15:34,0,5360,321,5362,74,0,0,0,0,0,0,0,0,0,0,0,0,0,0,0,0,5342,20220819
20220819,TA301,,,5360,5422,5324,1087325,5306,5370,5306,467466,2497203372,1097231,0,0,5748,5096,0,0,08/19/2022 22:15:35,0,5360,382,5362,76,0,0,0,0,0,0,0,0,0,0,0,0,0,0,0,0,5342,20220819
20220819,TA301,,,5360,5422,5324,1087325,5306,5370,5306,467466,2497203372,1097231,0,0,5748,5096,0,0,08/19/2022 22:15:35,0,5360,384,5362,54,0,0,0,0,0,0,0,0,0,0,0,0,0,0,0,0,5342,20220819
20220819,TA301,,,5362,5422,5324,1087325,5306,5370,5306,467470,2497224740,1097231,0,0,5748,5096,0,0,08/19/2022 22:15:36,0,5360,383,5362,98,0,0,0,0,0,0,0,0,0,0,0,0,0,0,0,0,5342,20220819
20220819,TA301,,,5360,5422,5324,1087325,5306,5370,5306,467772,2498838024,1097040,0,0,5748,5096,0,0,08/19/2022 22:15:36,0,5360,121,5362,128,0,0,0,0,0,0,0,0,0,0,0,0,0,0,0,0,5342,20220819
20220819,TA301,,,5360,5422,5324,1087325,5306,5370,5306,467912,2499585904,1097079,0,0,5748,5096,0,0,08/19/2022 22:15:37,0,5358,563,5360,45,0,0,0,0,0,0,0,0,0,0,0,0,0,0,0,0,5342,20220819
20220819,TA301,,,5360,5422,5324,1087325,5306,5370,5306,467959,2499836978,1097033,0,0,5748,5096,0,0,08/19/2022 22:15:37,0,5360,3,5362,203,0,0,0,0,0,0,0,0,0,0,0,0,0,0,0,0,5342,20220819
20220819,TA301,,,5362,5422,5324,1087325,5306,5370,5306,467972,2499906424,1097028,0,0,5748,5096,0,0,08/19/2022 22:15:38,0,5360,84,5362,191,0,0,0,0,0,0,0,0,0,0,0,0,0,0,0,0,5342,20220819
20220819,TA301,,,5362,5422,5324,1087325,5306,5370,5306,467991,2500007922,1097028,0,0,5748,5096,0,0,08/19/2022 22:15:38,0,5360,151,5362,171,0,0,0,0,0,0,0,0,0,0,0,0,0,0,0,0,5342,20220819
20220819,TA301,,,5362,5422,5324,1087325,5306,5370,5306,468016,2500141472,1097010,0,0,5748,5096,0,0,08/19/2022 22:15:39,0,5360,147,5362,150,0,0,0,0,0,0,0,0,0,0,0,0,0,0,0,0,5342,20220819
20220819,TA301,,,5360,5422,5324,1087325,5306,5370,5306,468017,2500146814,1097010,0,0,5748,5096,0,0,08/19/2022 22:15:39,0,5360,146,5362,152,0,0,0,0,0,0,0,0,0,0,0,0,0,0,0,0,5342,20220819
20220819,TA301,,,5360,5422,5324,1087325,5306,5370,5306,468176,2500996192,1096996,0,0,5748,5096,0,0,08/19/2022 22:15:40,0,5358,561,5360,11,0,0,0,0,0,0,0,0,0,0,0,0,0,0,0,0,5342,20220819
20220819,TA301,,,5358,5422,5324,1087325,5306,5370,5306,468184,2501038928,1096996,0,0,5748,5096,0,0,08/19/2022 22:15:40,0,5358,565,5360,22,0,0,0,0,0,0,0,0,0,0,0,0,0,0,0,0,5342,20220819
20220819,TA301,,,5358,5422,5324,1087325,5306,5370,5306,468190,2501070980,1096996,0,0,5748,5096,0,0,08/19/2022 22:15:41,0,5358,497,5360,146,0,0,0,0,0,0,0,0,0,0,0,0,0,0,0,0,5342,20220819
20220819,TA301,,,5360,5422,5324,1087325,5306,5370,5306,468217,2501215214,1096987,0,0,5748,5096,0,0,08/19/2022 22:15:41,0,5358,510,5360,115,0,0,0,0,0,0,0,0,0,0,0,0,0,0,0,0,5342,20220819
20220819,TA301,,,5360,5422,5324,1087325,5306,5370,5306,468217,2501215214,1096987,0,0,5748,5096,0,0,08/19/2022 22:15:42,0,5358,520,5360,66,0,0,0,0,0,0,0,0,0,0,0,0,0,0,0,0,5342,20220819
20220819,TA301,,,5358,5422,5324,1087325,5306,5370,5306,468245,2501364790,1096966,0,0,5748,5096,0,0,08/19/2022 22:15:42,0,5358,511,5360,47,0,0,0,0,0,0,0,0,0,0,0,0,0,0,0,0,5342,20220819
20220819,TA301,,,5358,5422,5324,1087325,5306,5370,5306,468248,2501380816,1096964,0,0,5748,5096,0,0,08/19/2022 22:15:43,0,5358,511,5360,61,0,0,0,0,0,0,0,0,0,0,0,0,0,0,0,0,5342,20220819
20220819,TA301,,,5358,5422,5324,1087325,5306,5370,5306,468252,2501402184,1096962,0,0,5748,5096,0,0,08/19/2022 22:15:43,0,5358,512,5360,61,0,0,0,0,0,0,0,0,0,0,0,0,0,0,0,0,5342,20220819
20220819,TA301,,,5360,5422,5324,1087325,5306,5370,5306,468355,2501952410,1096871,0,0,5748,5096,0,0,08/19/2022 22:15:44,0,5360,56,5362,238,0,0,0,0,0,0,0,0,0,0,0,0,0,0,0,0,5342,20220819
20220819,TA301,,,5360,5422,5324,1087325,5306,5370,5306,468369,2502027198,1096870,0,0,5748,5096,0,0,08/19/2022 22:15:44,0,5360,109,5362,230,0,0,0,0,0,0,0,0,0,0,0,0,0,0,0,0,5342,20220819
20220819,TA301,,,5360,5422,5324,1087325,5306,5370,5306,468372,2502043224,1096868,0,0,5748,5096,0,0,08/19/2022 22:15:45,0,5360,135,5362,231,0,0,0,0,0,0,0,0,0,0,0,0,0,0,0,0,5342,20220819
20220819,TA301,,,5362,5422,5324,1087325,5306,5370,5306,468380,2502085960,1096862,0,0,5748,5096,0,0,08/19/2022 22:15:45,0,5360,133,5362,241,0,0,0,0,0,0,0,0,0,0,0,0,0,0,0,0,5342,20220819
20220819,TA301,,,5360,5422,5324,1087325,5306,5370,5306,468385,2502112670,1096858,0,0,5748,5096,0,0,08/19/2022 22:15:46,0,5360,167,5362,244,0,0,0,0,0,0,0,0,0,0,0,0,0,0,0,0,5342,20220819
20220819,TA301,,,5360,5422,5324,1087325,5306,5370,5306,468399,2502187458,1096849,0,0,5748,5096,0,0,08/19/2022 22:15:46,0,5360,158,5362,241,0,0,0,0,0,0,0,0,0,0,0,0,0,0,0,0,5342,20220819
20220819,TA301,,,5360,5422,5324,1087325,5306,5370,5306,468560,2503047520,1096762,0,0,5748,5096,0,0,08/19/2022 22:15:47,0,5358,454,5360,170,0,0,0,0,0,0,0,0,0,0,0,0,0,0,0,0,5342,20220819
20220819,TA301,,,5360,5422,5324,1087325,5306,5370,5306,468569,2503095598,1096754,0,0,5748,5096,0,0,08/19/2022 22:15:47,0,5358,415,5360,171,0,0,0,0,0,0,0,0,0,0,0,0,0,0,0,0,5342,20220819
20220819,TA301,,,5360,5422,5324,1087325,5306,5370,5306,468671,2503640482,1096718,0,0,5748,5096,0,0,08/19/2022 22:15:48,0,5358,416,5360,81,0,0,0,0,0,0,0,0,0,0,0,0,0,0,0,0,5342,20220819
20220819,TA301,,,5360,5422,5324,1087325,5306,5370,5306,468693,2503758006,1096701,0,0,5748,5096,0,0,08/19/2022 22:15:48,0,5358,415,5360,73,0,0,0,0,0,0,0,0,0,0,0,0,0,0,0,0,5342,20220819
20220819,TA301,,,5358,5422,5324,1087325,5306,5370,5306,468698,2503784716,1096697,0,0,5748,5096,0,0,08/19/2022 22:15:48,0,5358,412,5360,70,0,0,0,0,0,0,0,0,0,0,0,0,0,0,0,0,5342,20220819
20220819,TA301,,,5358,5422,5324,1087325,5306,5370,5306,468706,2503827452,1096694,0,0,5748,5096,0,0,08/19/2022 22:15:49,0,5358,412,5360,65,0,0,0,0,0,0,0,0,0,0,0,0,0,0,0,0,5342,20220819
20220819,TA301,,,5358,5422,5324,1087325,5306,5370,5306,468707,2503832794,1096693,0,0,5748,5096,0,0,08/19/2022 22:15:50,0,5358,431,5360,65,0,0,0,0,0,0,0,0,0,0,0,0,0,0,0,0,5342,20220819
20220819,TA301,,,5358,5422,5324,1087325,5306,5370,5306,468782,2504233444,1096735,0,0,5748,5096,0,0,08/19/2022 22:15:50,0,5358,367,5360,68,0,0,0,0,0,0,0,0,0,0,0,0,0,0,0,0,5342,20220819
20220819,TA301,,,5358,5422,5324,1087325,5306,5370,5306,468787,2504260154,1096735,0,0,5748,5096,0,0,08/19/2022 22:15:51,0,5358,357,5360,183,0,0,0,0,0,0,0,0,0,0,0,0,0,0,0,0,5342,20220819
20220819,TA301,,,5360,5422,5324,1087325,5306,5370,5306,468790,2504276180,1096733,0,0,5748,5096,0,0,08/19/2022 22:15:51,0,5358,360,5360,182,0,0,0,0,0,0,0,0,0,0,0,0,0,0,0,0,5342,20220819
20220819,TA301,,,5358,5422,5324,1087325,5306,5370,5306,468791,2504281522,1096733,0,0,5748,5096,0,0,08/19/2022 22:15:52,0,5358,348,5360,187,0,0,0,0,0,0,0,0,0,0,0,0,0,0,0,0,5342,20220819
20220819,TA301,,,5358,5422,5324,1087325,5306,5370,5306,468791,2504281522,1096733,0,0,5748,5096,0,0,08/19/2022 22:15:52,0,5358,347,5360,198,0,0,0,0,0,0,0,0,0,0,0,0,0,0,0,0,5342,20220819
20220819,TA301,,,5358,5422,5324,1087325,5306,5370,5306,468846,2504575332,1096725,0,0,5748,5096,0,0,08/19/2022 22:15:53,0,5358,292,5360,211,0,0,0,0,0,0,0,0,0,0,0,0,0,0,0,0,5342,20220819
20220819,TA301,,,5360,5422,5324,1087325,5306,5370,5306,468847,2504580674,1096724,0,0,5748,5096,0,0,08/19/2022 22:15:53,0,5358,293,5360,195,0,0,0,0,0,0,0,0,0,0,0,0,0,0,0,0,5342,20220819
